4823 7100
886 456 977 533 1⁶
2192 458 2693 536 MATTHEI
2742 459 3257 537 PALMERII

1631 617 3811 629 *mmmmm-*m

868 728 1307 815 portandum.
1396 729 1777 798 Florentini
1820 742 2100 798 omnem
2130 730 2537 798 maritimam
2566 730 3096 819 oportunitatem
3125 732 3259 799 illis
3289 732 3622 821 impedire
3653 731 3989 814 volentes,
4022 733 4345 800 custodes
4376 733 4580 799 maris

865 834 1109 903 sedulo
1141 835 1645 904 describebant.
1707 836 2205 906 Accelerantes
2234 838 2470 927 itaque
2516 837 2747 906 Pisani
2793 838 3471 927 quantulumcunque
3502 850 3786 926 possent
3813 838 4139 905 frumenti
4169 840 4580 906 festinanter

868 942 1286 1030 premittere,
1320 956 1630 1011 onustam
1675 944 2021 1013 frumento
2049 946 2279 1012 navim
2311 942 2775 1026 deducebant,
2808 966 2943 1033 que
2976 965 3130 1011 cum
3162 964 3302 1011 non
3348 945 3557 1034 longe
3602 968 3645 1013 a
3675 946 3930 1013 Pisano
3960 944 4177 1012 Portu
4205 944 4579 1034 navigaret,

542 1077 584 1112 c.
611 1077 668 1119 ιο
694 1079 721 1112 r
874 1047 964 1116 ab
1010 1048 1248 1117 altera'
1294 1050 1482 1131 navi,
1529 1070 1732 1140 quam
1777 1051 1913 1120 iam
1959 1051 2338 1121 Florentini
2382 1063 2821 1140 paraverant,
2866 1052 3213 1119 invaditur
3260 1064 3330 1120 et
3372 1052 3444 1118 in
3488 1052 3726 1142 fugam
3773 1053 3999 1120 statim
4045 1073 4248 1119 versa
4276 1053 4350 1117 in
4380 1052 4583 1119 Vade

869 1164 1141 1242 portum
1186 1178 1262 1224 se
1306 1158 1594 1245 recepit,
1641 1178 1926 1247 sperans
1971 1180 2034 1230 a.
2057 1160 2459 1228 custodibus
2499 1157 2822 1226 vadensis
2867 1159 3047 1226 arcis
3074 1179 3281 1247 posse
3328 1160 3632 1228 defendi.
3726 1160 3870 1239 Qui
3911 1160 4102 1226 illam
4148 1171 4343 1226 certo
4397 1159 4582 1225 haud
4662 1162 4691 1225 5

867 1262 1158 1352 impigre
1202 1264 1671 1333 defenderunt
1714 1266 1978 1334 enixius
1992 1290 2011 1345 3
2058 1267 2185 1333 sed
2228 1266 2628 1346 Florentini,
2675 1287 2749 1333 se
2792 1265 3091 1333 invicem
3136 1266 3512 1346 hortantes,
3559 1285 3703 1333 non
3747 1265 3994 1333 minori
4025 1266 4319 1333 audacia
4345 1284 4583 1352 perse·

873 1369 1279 1457 quebantur.
1372 1371 1580 1438 Horis
1625 1371 1841 1439 tribus
1884 1371 1955 1438 in
2003 1392 2089 1440 eo
2131 1385 2338 1461 portu
2385 1372 2658 1440 duravit
2698 1390 2971 1460 pugna3
3019 1373 3299 1439 tandem
3346 1372 3596 1439 Petrus
3624 1372 4079 1461 Maringhitls,
4113 1371 4469 1439 Florentie
4513 1370 4584 1436 in

869 1475 1125 1543 iudicio
1172 1478 1402 1564 capite
1450 1478 1614 1545 olim
1660 1479 2041 1559 damnatus,
2086 1479 2470 1566 promereri
2528 1479 2822 1566 gratiam
2887 1478 3298 1558 existimans,
3360 1479 3538 1546 inter
3599 1478 4107 1546 confertissima
4150 1479 4288 1545 tela
4346 1477 4582 1566 ignem

869 1582 1103 1650 nando
1146 1594 1431 1670 portans
1475 1584 1995 1652 frumentariam
2039 1585 2270 1653 navim
2315 1584 2539 1654 exurit
2584 1595 2676 1665 et,
2720 1583 2938 1652 tribus
2983 1597 3214 1651 tamen
3257 1586 3568 1671 acceptis
3610 1584 4031 1666 vulneribus,
4080 1587 4171 1652 ad
4215 1602 4399 1664 suos,
4448 1582 4586 1650 tale

878 1689 1153 1756 facinus
1193 1708 1324 1779 pro
1370 1690 1702 1759 miraculo
1748 1692 2116 1774 intuentes,
2145 1693 2528 1772 revertitur,
2559 1713 2606 1757 a
2634 1691 2880 1781 quibus
2910 1692 3279 1782 diligenter
3325 1704 3624 1773 curatus,
3669 1692 3951 1780 publica
3995 1692 4220 1759 statim
4252 1692 4414 1780 lege
4461 1712 4584 1757 sua
4633 1693 4699 1757 10

868 1808 972 1864 est
1018 1796 1297 1884 capitali
1343 1798 1785 1866 damnatione
1832 1798 2093 1867 solutus
2119 1799 2162 1867 ¹.

455 1924 603 1976 uum,
637 1922 715 1971 ιη
1046 1905 1231 1971 Dum
1275 1905 1412 1972 hec
1457 1904 1720 1986 fierent,
1765 1902 2134 1973 Bertuldus
2164 1907 2257 1974 ad
2285 1906 2569 1975 Vicum'
2604 1906 3003 1974 continebat
3048 1919 3292 1987 castra,
3324 1906 3496 1973 nihil
3540 1907 3630 1973 ad
3678 1906 4216 1996 oppugnandum
4244 1905 4587 1994 reliquum

869 2011 1171 2090 faciens3
1198 2032 1359 2077 nam
1382 2011 1725 2079 variorum
1757 2028 2044 2099 operum
2076 2013 2795 2101 machinationumque
2819 2030 3080 2102 genera
3107 2024 3618 2102 strumentaque
3647 2013 3954 2102 ingentia
3982 2013 4297 2100 pondera
4323 2013 4586 2078 iacien-

879 2117 977 2185 tia
1019 2117 1327 2205 pluribus
1371 2117 1543 2185 locis
1589 2131 1924 2199 erexerat,
1958 2132 2048 2200 et,
2083 2122 2277 2208 quasi
2323 2120 2490 2188 belli
2538 2133 2766 2188 essent
2808 2120 3119 2199 fulmina,
3183 2120 3296 2187 die
3343 2132 3688 2208 nocteque
3735 2120 4069 2207 oppidum
4114 2118 4585 2208 impugnabat.

551 2256 591 2287 c·
621 2254 676 2294 to
703 2250 725 2287 t
878 2224 1290 2305 Strumenta,
1335 2224 1603 2312 quibus'
1648 2225 1987 2305 utebatur,
2036 2239 2233 2294 erant
2275 2226 2656 2294 bombarde
2701 2246 2844 2294 non
2889 2227 3103 2294 multo
3136 2239 3295 2293 ante
3325 2227 3400 2293 id
3430 2239 3700 2315 tempus
3728 2226 3799 2291 in
3830 2216 4017 2293 bello
4045 2238 4232 2306 note,
4281 2239 4352 2292 et
4397 2225 4584 2292 celse
4634 2226 4698 2291 15

877 2331 1157 2420 insuper
1201 2331 1518 2398 machine
1565 2332 1848 2401 turrium
1893 2353 2085 2400 more
2132 2333 2475 2413 edificate,
2520 2355 2655 2401 nec
2702 2346 2906 2401 antea
2949 2334 3196 2401 nostris
3238 2324 3627 2401 hominibus
3687 2333 3965 2422 cognite
3991 2332 4035 2400 ².
4130 2330 4272 2409 Qui
4317 2332 4392 2397 in
4423 2332 4587 2401 Flo-

396 2457 565 2501 rum
592 2457 825 2501 bricckote
864 2438 1287 2505 rentinorum
1336 2439 1574 2506 castris
1617 2439 1841 2526 primo
1885 2439 2038 2506 illas
2085 2452 2468 2521 erexerant,
2516 2439 2603 2506 ab
2651 2441 2949 2507 externis
2977 2440 3326 2527 Cisalpine
3374 2440 3598 2508 Gallie
3645 2439 3991 2507 montibus
4019 2439 4355 2519 homines,
4402 2437 4589 2504 bric-

870 2543 1108 2612 cholas
1137 2545 1604 2633 appellabant,
1635 2546 1880 2633 quibus
1908 2546 2344 2613 incredibilia
2372 2548 2689 2633 pondera
2717 2546 3084 2614 iaciebant.
3154 2547 3319 2613 Eius
3350 2547 3577 2613 forma
3603 2547 3740 2613 hec
3785 2559 3966 2613 erat:
4011 2546 4168 2613 Due
4197 2547 4392 2633 quasi
4424 2565 4588 2632 pro-

868 2663 1061 2719 tense
1108 2652 1218 2719 ale
1264 2652 1825 2720 eminentioribus
1881 2653 2127 2740 pennis
2172 2673 2295 2719 sua
2337 2654 2719 2720 summitate
2778 2652 3150 2741 perforatis
3209 2654 3282 2719 in
3343 2654 3552 2720 altum
3599 2653 4076 2742 erigebantur3
4123 2666 4307 2720 teres
4349 2652 4589 2740 iugum

871 2780 1002 2847 per
1047 2780 1132 2824 ea
1174 2758 1516 2825 foramina
1559 2759 1930 2825 immissum
1960 2779 2256 2826 summas
2285 2758 2616 2847 iungebat
2646 2772 2716 2826 et
2748 2759 3120 2847 colligabat
3148 2781 3413 2846 pennas
3430 2783 3449 2838 3
3495 2760 3871 2848 prelongus
3901 2759 4158 2827 deinde
4191 2758 4413 2824 malus
4444 2779 4590 2824 me-
4631 2760 4703 2823 20

871 2865 987 2932 dio
1032 2865 1196 2953 iugo
1259 2885 1435 2953 eque
1497 2886 1863 2952 suspensus
1909 2864 2201 2932 librabat
2257 2866 2610 2953 pondera3
2672 2865 2812 2932 imo
2857 2865 3018 2931 mali
3065 2866 3291 2952 capite
3335 2886 3579 2932 saccus
3623 2865 3845 2932 inerat
3889 2865 4169 2931 funibus
4214 2877 4284 2932 et
4327 2864 4590 2931 bovino

873 2984 1068 3062 tergo
1115 2984 1456 3052 consutus,
1504 2972 1696 3060 quasi
1742 2973 1962 3040 funda
2003 2972 2320 3060 pondera
2348 2972 2643 3051 iaciens3
2678 2973 2917 3040 aderat
2949 2992 3105 3039 cum
3137 2973 3356 3040 altero
3391 2972 3619 3061 capite
3651 2973 3835 3039 sinus
3865 2971 4071 3061 longe
4105 2971 4382 3038 maioris
4410 2990 4591 3058 pon-

870 3079 1054 3146 deris
1087 3098 1327 3165 capax,
1360 3079 1497 3167 qui,
1528 3080 2061 3167 perpensissimo
2108 3094 2472 3166 suspensus
2515 3079 3045 3158 substentaculo‚
3094 3078 3434 3166 lapidibus
3477 3078 3894 3166 replebatur,
3927 3078 4158 3145 donec
4185 3078 4393 3144 valde
4427 3098 4588 3163 pre-

533 3217 574 3247 e.
604 3213 660 3245 20
687 3217 715 3247 .-
868 3196 1188 3274 gravaret
1216 3186 1533 3272 pondera
1561 3185 1799 3252 funde.
1869 3185 2142 3252 Deinde
2171 3197 2460 3273 repente
2494 3183 2820 3253 demisso'
2854 3185 3024 3266 sinu,
3047 3197 3238 3253 tanto
3269 3185 3532 3273 impetu
3552 3185 3829 3252 levabat
3856 3184 4205 3272 proiciens
4223 3205 4359 3274 que
4391 3195 4595 3250 erant

870 3292 943 3358 in
971 3292 1210 3372 funda,
1255 3304 1329 3359 ut
1373 3292 1658 3359 assuetis
1690 3292 1893 3359 etiam
1926 3292 1997 3359 in
2029 3291 2228 3359 bellis
2258 3291 2561 3360 terribile
2594 3294 2779 3360 foret
2808 3302 2878 3360 et
2907 3292 3216 3360 mirabile
3248 3292 3400 3359 visu
3423 3292 3467 3359 ⁸.
3559 3292 3755 3382 Varij
3787 3304 4109 3380 preterea
4136 3291 4414 3381 generis
4445 3311 4592 3356 ma-
4634 3287 4705 3355 25
4805 3314 4806 3369 ς

882 3398 1338 3478 chinamenta,
1384 3410 1605 3465 turres
1649 3397 2061 3488 balistasque
2111 3412 2655 3485 comparaverat,
2701 3398 2948 3487 quibus
2975 3410 3080 3466 tot
3109 3418 3399 3487 magnos
3427 3399 3695 3486 lapides
3723 3398 3795 3464 in
3828 3398 4142 3465 obsessos
4168 3397 4591 3486 proiecerat,
4773 3428 4807 3497 4

878 3516 953 3572 ut
994 3504 1185 3572 nulla
1227 3526 1409 3593 pene
1455 3525 1692 3573 eorum
1737 3506 1982 3572 domus
2027 3504 2223 3572 illesa
2265 3504 2690 3587 remanserit,
2737 3504 2902 3594 quin
2949 3517 3065 3574 aut
3108 3507 3412 3574 refracta
3461 3519 3577 3573 aut
3621 3506 3978 3593 perforata
4021 3503 4251 3585 fuerit,
4298 3515 4370 3571 et
4413 3523 4594 3571 non-

878 3612 1045 3678 nulli
1078 3632 1351 3700 quoque
1383 3612 1516 3679 sint
1547 3612 1871 3700 oppidani
1903 3612 2267 3700 perempti.
2360 3614 2517 3679 Nec
2563 3613 2833 3680 interim
2880 3625 3112 3680 tamen
3141 3613 3643 3681 incursionibus
3687 3632 4010 3703 agrorum
4055 3610 4395 3699 pepercit,
4428 3629 4594 3676 nam

881 3731 952 3785 et
992 3719 1248 3806 predas
1292 3717 1521 3806 sepius
1568 3720 1710 3807 egit
1753 3731 1823 3785 et
1864 3718 2169 3807 undique
2228 3740 2357 3807 per
2418 3719 2730 3806 pisanum
2791 3740 3034 3809 agrum
3079 3733 3408 3798 armenta,
3468 3740 3721 3809 greges
3784 3718 4231 3806 captivosque
4281 3717 4597 3806 collegit,

882 3846 1168 3913 sperans
1210 3838 1485 3912 patrare
1528 3844 1733 3913 posse
1780 3825 1991 3892 facile
2037 3824 2298 3892 bellum
2342 3838 2416 3893 et
2461 3826 2739 3892 civitate
2798 3827 3035 3913 potiri,
3081 3826 3137 3893 si
3184 3844 3272 3893 eo
3319 3827 3580 3914 oppido
3622 3826 3953 3913 potiretur
3975 3824 4023 3892 ⁴.
4099 3825 4429 3892 Ceterum
4461 3844 4588 3891 sua
4628 3825 4703 3888 30

872 3931 1407 4018 uniuscuiusque
1437 3933 1755 3999 voluntas
1784 3932 2311 4021 ignorantiaque
2356 3953 2846 4020 nonnunquam
2891 3933 3112 4021 magis
3156 3954 3360 4021 quam
3406 3954 3646 3999 verum
3678 3932 3906 3999 aliena
3942 3942 4140 4023 gesta
4171 3952 4257 3996 ex
4298 3929 4597 3997 libidine

869 4037 1320 4105 moderantur
1364 4049 1434 4105 et
1479 4037 1807 4105 iudicant.
1897 4037 2247 4105 Florentie
2294 4050 2460 4105 tunc
2504 4037 2702 4126 plebs
2748 4039 3103 4128 omnisque
3148 4039 3391 4127 vulgus
3439 4038 3879 4126 Opificesque,
3914 4037 4031 4126 qui
4060 4036 4317 4104 Vicum
4364 4037 4598 4103 statim

545 4178 586 4210 c.
613 4176 668 4209 ιο
693 4170 715 4209 e
866 4146 1108 4212 facere
1155 4143 1579 4214 deditionem
1624 4145 1696 4210 in
1742 4144 2117 4212 obsidionis
2160 4145 2506 4233 principio
2553 4145 3013 4226 crediderant,
3061 4166 3220 4212 cum
3265 4146 3337 4210 id
3384 4143 3683 4233 assequi'
3729 4164 3873 4211 non
3917 4144 4254 4224 viderent,
4301 4142 4598 4230 culpare

867 4251 1269 4319 Bertuldum
1315 4262 1669 4337 ceperunt,
1716 4249 1907 4339 quasi
1949 4250 2343 4339 prolatandi
2373 4252 2539 4320 belli
2570 4250 2795 4340 gratia
2842 4250 3173 4339 oppidum
3203 4253 3387 4331 loco,
3422 4250 3744 4338 operibus
3773 4262 3979 4339 atque
4011 4248 4417 4317 custodibus
4445 4271 4599 4314 mu-

1046 4508 1094 4546 1.
1132 4492 1376 4559 omnem]
1424 4496 1489 4547 0.
1524 4508 1721 4546 omnes
1771 4519 1796 4532 ·
1847 4493 2313 4563 oportunitatem]
2377 4497 2443 4547 O.
2483 4496 2541 4548 V.
2568 4496 2627 4548 S.
2678 4497 3164 4563 opportunitatem
3212 4521 3236 4533 -
3286 4493 3575 4564 impedire]
3640 4496 3705 4546 O.
3745 4494 4006 4563 impediri
4050 4520 4117 4531 —
4156 4507 4207 4561 3.
4254 4490 4584 4558 navigaret]

874 4581 933 4632 C.
953 4580 991 4630 I.
1010 4581 1080 4631 L.
1113 4580 1171 4630 V.
1188 4578 1256 4629 P.
1294 4578 1663 4647 navigarentg
1699 4576 1802 4630 cosi
1823 4578 1986 4647 forse
2017 4579 2209 4631 scrisu
2246 4587 2566 4643 veramente,
2589 4588 2698 4647 per
2731 4579 2967 4646 sbaglio,
3003 4581 3056 4630 t'l
3081 4579 3355 4631 Palmt‘en‘
3384 4607 3452 4617 —
3490 4595 3544 4646 4.
3566 4578 3753 4645 versa]
3793 4580 3853 4631 S.
3891 4591 4113 4629 reversa
4150 4601 4219 4613 —
4254 4575 4306 4636 6.
4332 4573 4592 4641 enixius]

869 4663 927 4715 S.
964 4679 1115 4715 onam.
1151 4689 1218 4699 —
1255 4661 1366 4726 6-7.
1393 4662 1885 4731 persequebantur]
1925 4662 1999 4713 R.
2018 4665 2101 4713 M.
2140 4664 2621 4732 prosequebantur
2645 4690 2712 4701 —-
2741 4673 2790 4728 7.
2815 4663 3066 4730 tandem]
3097 4665 3170 4714 R.
3198 4664 3376 4715 donec
3416 4662 3640 4715 tandem
3677 4690 3744 4700 —
3785 4663 3836 4716 8.
3873 4658 4313 4727 confertissima]
4361 4661 4429 4712 0.
4455 4674 4595 4710 con·

867 4747 1177 4800 sci-tissima
1211 4771 1234 4783 ·
1270 4746 1407 4812 tela]
1458 4748 1522 4798 O.
1560 4746 1713 4799 thela
1747 4773 1814 4783 —
1851 4761 1904 4814 9.
1942 4746 2159 4814 navim]
2199 4749 2271 4799 R.
2292 4750 2376 4799 M.
2418 4763 2618 4801 navem
2668 4775 2690 4786 ·
2729 4745 2940 4813 tamen]
2980 4749 3052 4798 R.
3092 4750 3313 4799 tantum
3353 4773 3419 4784 —
3476 4760 3559 4799 11.
3596 4745 3987 4812 damnatione]
4030 4747 4091 4798 C.
4129 4744 4481 4797 clamatione.
4519 4771 4586 4781 —

788 4840 817 4896 5
885 4845 966 4882 12.
1007 4829 1324 4897 Bertuldus]
1371 4832 1436 4883 Θ.
1464 4830 1755 4883 Bertoldus
1792 4858 1815 4869 -
1851 4829 2024 4897 nihil]
2063 4833 2100 4881 l.
2138 4830 2318 4882 nichil
2353 4859 2422 4871 —
2453 4846 2535 4897 13.
2563 4830 2873 4897 variorum]
2923 4834 2993 4883 R.
3039 4831 3325 4884 variarum
3363 4858 3387 4870 -
3431 4825 3871 4896 strumentaque]
3913 4832 3981 4880 P.
4009 4830 4084 4881 R.
4110 4831 4193 4880 M.
4241 4828 4592 4880 instrumen-

868 4918 1037 4983 taque
1059 4942 1126 4952 —
1159 4929 1241 4980 ¹4·
1266 4914 1393 4966 belli
1427 4912 1635 4980 essent]
1676 4915 1742 4967 Ο.
1779 4917 1966 4967 essent
2001 4916 2128 4967 belli
2165 4941 2188 4952 -
2228 4915 2523 4983 nocteque]
2561 4919 2647 4968 M.
2685 4918 2970 4983 noctuque
3007 4943 3031 4955 ·
3067 4914 3366 4984 oppidum]
3413 4916 3470 4966 C.
3492 4914 3549 4965 S.
3588 4916 3643 4966 V.
3686 4914 3917 4983 opidum
3947 4940 4014 4950 —
4041 4922 4122 4978 17.
4150 4911 4425 4978 externis]
4462 4914 4504 4963 I.
4528 4913 4598 4964 L.

863 4999 1131 5052 extremis
1155 5025 1182 5038 -
1204 4999 1396 5051 Gallie
1431 4998 1746 5065 montibus]
1787 5001 1844 5053 V.
1872 5000 2158 5051 monthus
2197 4999 2378 5052 Gallie
2402 5027 2471 5036 —
2502 5001 2677 5065 17-18.
2705 4999 3042 5066 briccholas]
3073 5001 3138 5051 0.
3159 5002 3224 5050 P.
3260 5001 3317 5051 V.
3341 5001 3412 5051 R.
3433 5000 3518 5050 Μ.
3554 4998 3865 5060 briccolas3
3895 4996 3953 5050 S.
3978 4997 4223 5049 bricolas
4246 5022 4314 5034 —
4349 5009 4434 5064 19.
4459 4996 4597 5049 emi·

869 5080 1250 5148 acutioribus]
1287 5084 1465 5135 ΒΑΜ
1503 5082 1881 5135 eminentibus
1918 5109 1942 5121 ·
1977 5082 2206 5151 pennis]
2246 5086 2283 5134 l.
2304 5085 2373 5134 L.
2400 5082 2626 5150 pinnis3
2663 5086 2720 5135 in
2764 5086 2821 5136 C.
2849 5081 2924 5134 I'e
2961 5082 2991 5132 ὸ
3024 5102 3084 5136 u
3111 5086 3300 5144 litura,
3329 5101 3364 5134 a
3388 5090 3581 5149 quanto
3606 5090 3750 5149 pare
3786 5082 3848 5133 ds·
3880 5083 3903 5132 i
3938 5107 3962 5119 ·
4000 5078 4218 5148 iugum]
4246 5080 4316 5131 L.
4345 5095 4501 5130 ossas.
4527 5105 4595 5117 —

870 5180 956 5218 20.
993 5164 1324 5234 colligabat]
1365 5167 1423 5217 V.
1459 5166 1787 5233 colligebat3
1812 5168 1850 5217 l.
1877 5167 2186 5232 colligebat
2224 5174 2456 5219 corr-etto
2479 5169 2540 5218 in
2563 5167 2867 5233 colligabat
2903 5192 2927 5204 ·
2951 5164 3187 5236 pennas]
3228 5169 3264 5216 l.
3287 5170 3354 5219 L.
3381 5165 3624 5232 pinnas3
3657 5166 3718 5217 in
3747 5167 3805 5217 C.
3831 5162 3914 5215 ΡΙ
3937 5181 3999 5215 su
4022 5165 4192 5215 litura
4217 5188 4285 5200 —
4311 5174 4403 5216 21.
4428 5160 4591 5227 mali]

756 5265 822 5303 10
881 5252 920 5300 Ι.
957 5250 1163 5314 malio3
1197 5249 1278 5301 I'o
1317 5247 1346 5300 ὲ
1382 5251 1646 5316 aggiaento
1665 5250 1834 5318 fuori
1865 5250 2013 5300 della
2048 5252 2180 5317 n‘ga
2218 5252 2278 5300 di
2308 5258 2583 5302 carattere
2619 5251 2836 5302 diverso
2875 5276 2941 5288 —
2983 5263 3067 5302 22.
3106 5249 3318 5318 capite]
3358 5252 3617 5303 S.R.M.
3654 5249 3835 5315 capiti
3869 5275 3936 5286 —-
3963 5261 4049 5315 ²3·
4100 5246 4300 5313 donec]
4370 5248 4428 5298 V.
4468 5247 4575 5297 do·

875 5334 1017 5386 nehc
1043 5362 1111 5371 —
1137 5347 1221 5398 24·
1246 5333 1554 5403 proiciens]
1583 5335 1652 5385 L.
1678 5333 2036 5400 prohieiens3
2066 5334 2130 5386 Ο.
2159 5337 2455 5404 proicens3
2494 5337 2550 5389 V.
2574 5334 2633 5388 S.
2670 5336 2981 5400 proiicens3
3019 5337 3092 5386 R.
3113 5338 3196 5386 M.
3240 5335 3550 5403 proijciens
3574 5361 3598 5373 ·
3623 5332 3809 5399 erant]
3849 5334 3886 5383 I.
3907 5335 3977 5385 L.
4015 5334 4136 5384 erat
4173 5357 4240 5369 —
4269 5344 4299 5382 2
4304 5341 4358 5395 ς.
4399 5329 4586 5396 bellis]

873 5421 947 5470 R.
966 5422 1050 5471 M.
1087 5417 1234 5469 bello
1260 5444 1328 5456 —
1355 5415 1442 5470 26.
1465 5416 1830 5483 balistasque]
1869 5417 1927 5469 S.
1967 5418 2371 5484 balistrasque3
2408 5422 2477 5470 P.
2514 5420 2754 5472 balistas
2790 5445 2815 5458 ·
2853 5418 3189 5487 proiecerat]
3227 5421 3295 5469 P.
3317 5422 3390 5471 R.
3430 5419 3776 5488 proiJcebatg
3817 5417 3883 5467 Ο.
3923 5415 4277 5484 proiecerant
4300 5442 4372 5453 —
4404 5415 4590 5480 27·28.

873 5499 1164 5567 nonnulli]
1213 5503 1278 5553 Θ.
1314 5501 1374 5553 V.
1409 5501 1629 5553 nonulli
1669 5526 1694 5539 ·
1732 5500 1872 5567 sint]
1914 5504 1988 5555 R.
2027 5504 2109 5554 Μ.
2148 5518 2298 5555 omna.
2336 5529 2361 5541 -
2398 5502 2701 5572 oppidani]
2759 5506 2816 5556 C.
2840 5505 2899 5557 S.
2937 5503 3176 5572 opidani
3215 5529 3238 5541 ·
3274 5502 3416 5570 Nec]
3481 5504 3537 5556 V.
3575 5503 3725 5553 Haec
3785 5526 3853 5538 —
3911 5514 3995 5569 29.
4046 5496 4311 5567 collegit]
4369 5499 4431 5551 V.
4463 5498 4586 5550 col-

875 5585 1006 5654 ligit
1033 5613 1098 5623 —-
1124 5599 1214 5653 30.
1249 5584 1340 5651 eo]
1380 5584 1454 5637 R.
1491 5599 1640 5635 om.
1670 5612 1715 5622 -
1764 5599 1849 5651 31·
1889 5584 2105 5651 verum]
2151 5589 2216 5639 O.
2255 5602 2440 5639 rerum
2479 5612 2502 5625 ·
2540 5586 2807 5653 libidine]
2852 5590 2911 5641 C.
2949 5588 3019 5637 ba
3055 5587 3192 5655 dopo
3229 5589 3287 5638 Ia
3312 5588 3520 5653 parola
3555 5602 3623 5637 un
3645 5600 3812 5652 seg-no
3837 5585 3900 5637 di
3922 5587 3981 5637 et
4013 5590 4227 5651 esp-tuto
4252 5606 4320 5618 —
4348 5596 4437 5651 3²·
4460 5596 4589 5634 om-

760 5683 824 5739 15
881 5670 1105 5738 nisque]
1140 5671 1191 5721 il
1221 5684 1329 5736 que
1362 5671 1420 5720 in
1457 5671 1530 5720 R.
1569 5663 1599 5718 ὃ
1637 5673 1880 5738 espunto
1903 5684 2083 5737 —.34.
2123 5669 2480 5736 Bertuldum]
2530 5673 2594 5723 O.
2631 5672 2960 5724 Bertoldum
2998 5698 3022 5710 ·
3061 5669 3358 5740 oppidum]
3403 5673 3462 5723 C.
3502 5670 3736 5739 opidum

1046 5841 1067 5880 ¹
1103 5847 1441 5899 Immimnte.
1460 5881 1536 5908 ..‚
1560 5849 1760 5898 solutus
1784 5846 1880 5913 (da
1903 5863 1960 5914 p.
1994 5858 2078 5913 15,
2098 5849 2137 5901 1.
2159 5861 2228 5917 29
2246 5863 2279 5899 a
2305 5864 2361 5917 p.
2393 5847 2476 5911 16,
2503 5849 2540 5902 1.
2571 5847 2678 5914 11);
2967 5845 2992 5881 ³
3030 5851 3158 5920 Qui.
3175 5884 3188 5898 .
3210 5882 3255 5901 ..
3292 5850 3415 5901 visu
3452 5847 3530 5914 (ll.
3561 5846 3760 5916 16-25).
3797 5849 3881 5899 La
3906 5847 4253 5900 desei-itione
4278 5847 4427 5898 delle
4447 5845 4602 5898 bric·
4801 5847 4802 5912 1

872 5929 945 5990 cf.
985 5932 1282 5995 Caesoni,
1325 5943 1461 5996 1¹3²
1485 5929 1635 5985 C·D.
2784 5934 2905 5985 cole
2942 5929 2972 5984 ὲ
3009 5934 3282 6000 aggiunta
3316 5933 3404 5984 dal
3439 5935 3744 5985 Passum
3778 5946 3877 5999 per
3910 5932 4154 5984 chiarire
4187 5931 4446 5983 l’azionc.
4659 5937 4713 5974 ²0
4801 5921 4802 5930 ’

1044 6011 1069 6052 ²
1104 6015 1249 6075 Dum
1267 6015 1404 6075 hec..
1424 6051 1440 6069 .
1457 6049 1471 6065 .
1492 6014 1699 6090 eogm‘te
1717 6013 1807 6088 (ll.
1833 6013 2018 6084 12-16)
2035 6014 2110 6072 cf.
2131 6016 2421 6082 carpos-1,
2447 6028 2580 6084 1132
2601 6018 2672 6070 A.
2958 6013 2980 6051 ⁴
3036 6019 3208 6085 Varis.
3224 6054 3237 6070 .
3254 6052 3270 6071 .
3286 6053 3300 6069 .
3327 6020 3600 6083 potiretur
3622 6015 3702 6081 (u.
3729 6015 3920 6087 25·3ο)
3945 6014 4019 6070 cf.
4044 6015 4340 6081 Cmom,
4370 6027 4504 6082 113²
4529 6017 4605 6067 A·
