4823 7100
906 532 1085 606 vm
2420 527 3098 601 PREFAZIONE

922 688 1211 698 u-—nuo--cu-n
1216 688 1269 697 ..o--
2195 683 2415 694 monem-0·

894 803 1014 874 nel
1080 802 1300 875 1406.
1412 799 1640 873 Nella
1695 798 1983 891 lettera,
2025 799 2349 890 Matteo,
2388 797 2695 872 dolente
2750 798 2827 871 di
2880 820 3036 870 non
3081 809 3302 894 poter
3357 772 3710 871 dedicare
3765 796 3818 868 il
3872 797 4066 869 libro
4121 820 4166 868 a
4218 796 4410 869 Neri
4449 819 4614 892 per·

899 935 1035 1007 che
1094 957 1414 1008 nessuno
1453 933 1652 1029 degli
1712 932 1989 1006 antichi
2024 933 2283 1005 storici
2338 955 2431 1003 ne
2488 931 2684 1005 dava
2723 933 3086 1027 esempio,
3127 954 3277 1003 non
3328 930 3658 1004 volendo
3716 930 4147 1004 discostarsi
4183 929 4385 1003 dalla
4443 929 4616 1001 loro

899 1053 1212 1159 usanza,
1250 1074 1415 1142 cum
1466 1067 1569 1139 sit
1618 1066 1699 1139 in
1750 1066 2121 1158 preceptis
2172 1090 2385 1138 usum
2437 1068 2821 1139 auctorum
2865 1064 3231 1161 precipue
3282 1088 3434 1137 esse
3493 1063 3951 1160 sequencbcm,
4008 1062 4177 1136 dice
4235 1062 4310 1135 di
4367 1085 4617 1135 essere

898 1212 1179 1275 venuto
1235 1201 1435 1273 nella
1490 1199 2127 1273 determinazione
2183 1197 2259 1270 di
2312 1196 2660 1294 donargli
2713 1197 2792 1269 lo
2848 1198 3104 1271 scritto
3158 1198 3393 1294 prima
3431 1198 3510 1271 di
3564 1196 3912 1269 renderlo
3966 1197 4043 1269 di
4099 1197 4453 1293 pubblica
4509 1219 4619 1268 ra·

896 1335 1143 1430 gione,
1201 1336 1449 1430 spinto
1504 1333 1695 1405 dalla
1750 1331 2362 1406 considerazione
2421 1332 2558 1404 che
2625 1331 2656 1368 “
2697 1330 2774 1403 di
2827 1343 3110 1430 quanto
3161 1332 3238 1402 vi
3296 1333 3339 1404 ὲ
3393 1330 3469 1403 di
3523 1330 3875 1404 lodevole
3931 1332 4005 1402 in
4041 1342 4303 1427 questa
4355 1330 4613 1419 storia,
4698 1330 4724 1397 5

898 1467 970 1540 13
1025 1468 1374 1540 massima
1429 1478 1638 1564 parte
1692 1490 1770 1541 se
1827 1466 1899 1540 13
1953 1464 2338 1538 rivendica
2393 1489 2437 1537 a
2492 1465 2695 1538 buon
2750 1464 2981 1538 dritto
3035 1464 3088 1536 il
3141 1465 3371 1561 padre
3429 1463 3505 1536 di
3557 1465 3771 1554 Neri,
3836 1464 4039 1538 Gino
4096 1464 4447 1560 Capponi
4485 1517 4556 1556 „.

1108 1602 1339 1698 Dopo
1395 1601 1464 1673 13
1516 1602 1780 1674 lettera
1833 1599 2496 1674 un'introduzione
2554 1596 2656 1700 (p.
2701 1599 2771 1690 3,
2810 1600 2859 1672 1.
2914 1599 3042 1693 123
3080 1623 3154 1694 p.
3197 1606 3265 1690 4,
3307 1600 3356 1671 l.
3410 1593 3558 1696 18).
3652 1599 3799 1670 Per
3850 1598 4160 1694 giovare
4198 1598 4340 1670 alla
4378 1597 4620 1693 patria

899 1737 940 1805 ὲ
995 1736 1413 1807 necessario
1469 1733 1870 1830 possedere
1926 1735 2356 1829 esperienza
2392 1732 2593 1804 della
2634 1734 2782 1805 vita
2804 1754 2825 1825 3
2864 1745 3123 1831 questa
3158 1733 3219 1804 si
3256 1732 3587 1828 acquista
3627 1754 3676 1802 o
3714 1755 3860 1804 con
3895 1732 3999 1828 gli
4038 1732 4232 1823 anni,
4272 1755 4321 1802 o
4361 1754 4512 1804 con
4549 1729 4621 1801 la

899 1866 1344 1963 cognizione
1399 1865 1523 1939 del
1580 1877 1901 1962 passato,
1958 1875 2402 1939 consacrato
2460 1865 2656 1937 dalla
2711 1865 2965 1938 storia.
3075 1865 3276 1937 Data
3332 1863 3640 1938 l’utilita
3696 1864 3896 1937 della
3968 1866 4220 1954 storia,
4289 1875 4622 1936 maestra

900 1999 1095 2073 della
1152 2002 1331 2092 vita,
1376 2002 1803 2073 eccitatrice
1859 2023 1903 2073 a
1940 2000 2409 2096 magnanime
2448 1999 2717 2092 azioni,
2756 1999 2807 2070 il
2841 1998 3200 2070 Palmieri·
3234 2002 3275 2070 ὲ
3330 1997 3623 2071 indotto
3663 1997 3811 2071 alla
3849 1999 4297 2070 trattazione
4353 1997 4632 2071 storica
4690 2002 4742 2065 10

902 2133 976 2206 di
1033 2159 1129 2208 un
1183 2145 1618 2230 argomento
1673 2135 2126 2229 importante
2186 2157 2319 2227 per
2369 2134 2682 2228 giovare
2740 2132 2815 2207 in
2869 2133 3176 2230 qualche
3231 2131 3463 2204 modo
3519 2131 3665 2203 alla
3719 2132 3980 2227 patria.

1112 2271 1195 2342 In
1249 2278 1507 2365 questa
1543 2268 1968 2364 prefazione
2023 2267 2068 2337 il
2126 2267 2476 2338 Palmieri
2529 2267 2588 2338 si
2627 2267 3016 2362 compiace
3075 2264 3147 2337 d’
3172 2267 3669 2340 intrattenersi
3706 2263 4031 2339 sull'alto
4069 2266 4445 2357 concetto,
4486 2264 4622 2336 che

901 2402 1049 2498 egli
1104 2424 1346 2474 aveva
1385 2400 1580 2473 della
1634 2402 1902 2491 storia,
1929 2424 1972 2471 e
2008 2397 2174 2472 sull’
2196 2399 2449 2472 indole
2488 2399 2608 2472 del
2666 2399 2929 2474 lavoro
2985 2401 3437 2496 intrapreso:
3493 2397 3839 2473 Historie
3864 2424 4012 2473 non
4047 2399 4225 2471 satis
4264 2401 4394 2489 est,
4431 2397 4635 2494 quod

882 2539 1195 2637 factum
1248 2536 1353 2608 sit
1401 2557 1758 2606 enarrare
1774 2558 1805 2620 ,·
1863 2534 1935 2607 la
1991 2558 2171 2628 pura
2222 2557 2268 2605 e
2322 2533 2681 2628 semplice
2721 2534 3183 2630 esposizione
3240 2531 3362 2605 dei
3419 2534 3583 2606 fatti
3636 2544 3918 2628 poteva
3954 2534 4251 2606 bastare
4307 2533 4378 2603 ai
4433 2532 4622 2604 tanti

905 2668 1265 2759 annalisti,
1308 2670 1380 2740 ai
1436 2669 1617 2741 tanti
1673 2668 1996 2741 scrittori
2032 2666 2108 2739 di
2145 2666 2420 2739 ricordi
2478 2666 2874 2763 personali,
2915 2670 3071 2740 cosi
3128 2668 3492 2766 frequenti
3548 2668 3622 2737 in
3674 2665 3845 2764 quel
3882 2677 4139 2763 tempo
4195 2690 4239 2740 a
4278 2668 4619 2755 Firenze,
4676 2664 4732 2733 15

905 2826 1056 2873 non
1112 2801 1261 2874 allo
1317 2803 1622 2892 storic0,
1681 2801 1733 2872 il
1798 2800 2016 2898 quale
2074 2800 2375 2874 doveva
2428 2802 2921 2875 intrattenersi
2992 2799 3172 2873 sulle
3228 2824 3474 2894 cause,
3530 2800 3718 2873 sulle
3789 2800 4105 2895 ragioni,
4162 2800 4275 2872 sul
4332 2810 4619 2895 tempo,

904 2935 1012 3008 sul
1069 2934 1326 3027 mod0,
1385 2934 1505 3007 nel
1560 2935 1774 3034 quale
1829 2935 1891 3008 si
1944 2934 2277 3007 svolsero
2329 2935 2431 3030 gli
2488 2935 3016 3025 avvenimenti,
3058 2936 3167 3007 sui
3220 2936 3665 3032 personaggi
3702 2934 3840 3007 che
3894 2934 3974 3006 vi
4030 2956 4334 3029 presero
4384 2945 4622 3030 parte,

901 3093 1049 3165 qua
1101 3069 1408 3162 ratione,
1465 3069 1726 3165 quibus
1780 3068 2129 3163 consiliis,
2183 3094 2325 3164 quo
2375 3072 2700 3163 tempore
2752 3073 2825 3142 et
2863 3075 3011 3162 per
3062 3092 3241 3164 quos
3301 3073 3373 3141 et
3420 3068 3767 3165 quomodo
3819 3090 4098 3164 queque
4147 3071 4325 3141 sunt
4364 3071 4622 3167 gestas

904 3207 999 3275 ne
1054 3201 1152 3275 da
1205 3204 1307 3277 lui
1364 3202 1667 3276 devonb
1724 3226 1968 3276 essere
2024 3226 2313 3276 omesse
2366 3203 2438 3276 le
2493 3201 3028 3276 deliberazioni
3083 3202 3158 3274 di
3215 3203 3334 3276 chi
3387 3203 3713 3298 re'ggeva
3759 3202 3834 3275 lo
3889 3203 4128 3294 Stato‚
4185 3225 4228 3273 e
4282 3204 4308 3274 i
4381 3201 4623 3275 dibat-

903 3337 1021 3410 titi
1075 3338 1410 3427 oratorii,
1453 3338 1570 3409 cui
1622 3336 1727 3432 gli
1781 3337 2287 3409 avvenimenti
2344 3336 2646 3409 davano
2681 3336 2993 3432 origine,
3037 3336 3537 3430 pronuntiare
3570 3336 3788 3409 etiam
3823 3336 4024 3433 quod
4045 3340 4342 3409 senatus
4378 3335 4625 3410 decre-
4671 3339 4735 3403 20

903 3472 1119 3562 verit,
1176 3470 1642 3567 interponere
1676 3469 2042 3545 contiones
2052 3493 2077 3562 ,·
2115 3468 2418 3542 devono
2456 3471 2584 3567 poi
2640 3493 2886 3543 essere
2942 3469 3292 3544 descritte
3330 3471 3401 3542 le
3438 3469 3762 3564 localita,
3801 3470 3870 3542 le
3927 3470 4320 3567 battaglie,
4378 3468 4627 3544 l’esito

908 3628 951 3676 e
1004 3605 1073 3677 le
1128 3627 1639 3700 conseguenze
1698 3603 1821 3676 dei
1878 3605 2504 3696 combattimenti,
2546 3605 2887 3704 regiones
2941 3605 3310 3679 interdum
3354 3613 3844 3707 pugnamque
3877 3603 4296 3699 describere,
4334 3605 4469 3702 qui
4519 3604 4627 3677 vi-

912 3739 1098 3811 cerit
1146 3741 1221 3810 et
1287 3736 1487 3833 quod
1543 3741 1865 3811 secutum
1936 3737 2040 3810 sit
2099 3736 2599 3812 demonstrare
2608 3762 2632 3830 ,·
2688 3738 2994 3811 devono
3048 3739 3275 3812 infine
3348 3763 3592 3812 essere
3650 3739 3960 3813 esaltate
4031 3739 4103 3812 le
4155 3739 4626 3834 magnanime

920 3873 1189 3963 azioni,
1250 3872 1731 3945 abhominate
1788 3871 1859 3945 le
1915 3871 2255 3964 nefande,
2313 3873 2687 3946 clarorum
2723 3873 3094 3947 hominum
3148 3872 3400 3947 laudes
3434 3897 3898 3970 nequaquam
3932 3873 4156 3946 silere
4189 3875 4263 3945 et
4294 3874 4627 3969 nequiter

894 4007 1131 4102 facta
1185 4006 1566 4079 damnare.
4667 4003 4727 4072 25

1125 4138 1208 4209 In
1263 4138 1446 4211 altra
1484 4162 1719 4234 opera
1774 4137 1825 4209 i⁴l
1878 4139 2234 4212 Palmieri
2273 4139 2688 4236 reputando
2745 4141 3068 4236 impresa
3108 4152 3381 4237 troppo
3435 4140 3741 4214 difficile
3798 4140 3876 4212 lo
3911 4140 4238 4213 scrivere
4289 4163 4437 4213 una
4472 4151 4624 4213 sto-

911 4274 1045 4361 ria,
1107 4271 1538 4345 dichiarava
1610 4271 2204 4368 esplicitamente
2256 4272 2457 4346 nella
2509 4275 2938 4370 prefazione
2996 4274 3134 4346 che
3187 4274 3247 4346 si
3319 4275 3634 4347 sarebbe
3690 4273 4007 4347 limitato
4064 4298 4106 4346 e
4180 4285 4392 4347 tener
4446 4287 4623 4346 nota

910 4407 1181 4501 giorno
1234 4428 1369 4501 per
1420 4406 1692 4501 giorno
1750 4403 1951 4501 degli
2008 4409 2555 4481 avvenimenti:
2613 4431 2760 4481 non
2812 4413 3056 4482 tamen
3107 4411 3193 4481 ut
3240 4407 3621 4514 historiam
3674 4430 4032 4501 enarrem,
4088 4432 4262 4481 nam
4315 4407 4625 4481 nimium

910 4537 1200 4634 quidem
1246 4539 1635 4632 prolixum
1689 4543 1892 4632 esset,
1926 4540 2007 4634 ‘si
2056 4539 2315 4613 vellem
2369 4542 2643 4631 omnia,
2701 4565 2839 4637 que
2891 4541 3002 4612 ad
3042 4541 3426 4614 historiam
3473 4541 3860 4637 pertinent
3905 4541 4270 4637 persequi.
4373 4540 4404 4577 “
4443 4541 4627 4613 Non

924 4670 955 4707 “
994 4673 1242 4766 igitur,
1300 4672 1834 4767 soggiungeva‚
1872 4672 2221 4767 regiones
2259 4671 2698 4766 describam,
2758 4698 2910 4746 non
2964 4676 3274 4748 consilia
3325 4676 3992 4772 contentionesque
4050 4675 4442 4767 enarrabO,
4483 4697 4628 4747 non
4675 4674 4737 4740 30

926 4806 957 4841 “
996 4803 1200 4900 quod
1237 4805 1609 4899 sapienter
1644 4805 2186 4902 temerarieque
2221 4817 2517 4901 gestum
2553 4810 2647 4880 sit
2682 4808 3057 4900 iudicabo,
3099 4807 3234 4881 sed
3271 4809 3524 4882 omnia
3558 4809 3697 4880 hec
3751 4809 3857 4881 sic
3894 4808 4283 4903 attingam,
4323 4819 4404 4881 ut
4457 4809 4632 4881 satis

925 4935 956 4972 “
994 4960 1127 5032 per
1162 4936 1301 5007 hec
1339 4937 1433 5009 sit
1469 4937 1683 5028 scire,
1724 4936 1929 5036 quod
1982 4938 2259 5011 factum
2295 4941 2393 5013 sit
2430 4950 2507 5012 et
2542 4941 2933 5036 quomodo
2970 4999 3000 5035 „
3031 4935 3080 5017 ¹.
3190 4943 3325 5015 Pin
3363 4941 3583 5032 tardi,
3640 4940 3838 5013 nella
3891 4941 4326 5037 prefazione
4384 4940 4457 5013 al
4513 4938 4629 5013 De

921 5068 1425 5162 Temporibus,
1468 5069 1765 5143 Matteo
1803 5072 1961 5143 dira
1999 5071 2075 5143 di
2113 5095 2294 5145 aver
2331 5072 2743 5168 compilato
2780 5075 3034 5172 quella
3068 5076 3319 5171 specie
3359 5075 3434 5146 di
3490 5073 3769 5170 grande
3809 5074 4097 5171 quadro
4136 5075 4629 5171 cronologico

928 5201 959 5238 “
996 5226 1169 5274 curn
1224 5202 1650 5324 intentionis
1704 5227 1920 5276 meae
1977 5229 2446 5302 nequaquam
2500 5209 2596 5279 sit
2648 5207 3031 5281 historiam
3085 5210 3577 5302 conscribere,
3616 5207 3821 5306 quod
3876 5210 4317 5282 immensum
4353 5209 4629 5305 quippe

928 5334 959 5371 “
996 5335 1188 5409 foret
1262 5359 1470 5431 opuS,
1544 5334 1678 5408 sed
1738 5348 2083 5436 tempora
2145 5362 2391 5413 rerum
2456 5339 2700 5414 solum
2767 5341 3130 5415 adnotare
3163 5335 3267 5438 π’.
3378 5341 3679 5415 Adesso
3744 5344 4012 5416 invece
4080 5342 4228 5438 egli
4303 5339 4628 5415 dichiara
4673 5337 4736 5407 35

918 5468 1437 5541 formalmente
1496 5468 1574 5541 di
1630 5470 2059 5545 cimentarsi
2111 5470 2289 5545 nell’
2314 5475 2613 5570 arringo
2670 5476 2977 5570 storicO,
3033 5480 3121 5547 ut
3165 5476 3467 5572 aliquid
3506 5476 3725 5548 etiam
3789 5476 4137 5550 momenti
4182 5499 4232 5548 a
4287 5499 4400 5548 me
4449 5474 4635 5550 addi

908 5604 1175 5698 possit,
1214 5626 1254 5675 e
1294 5603 1354 5674 si
1388 5625 1729 5698 propone
1759 5604 1834 5675 di
1863 5628 2160 5678 narrare
2186 5607 2291 5703 gli
2321 5608 2851 5701 avvenimenti,
2892 5607 3355 5682 desumendo
3384 5610 3409 5680 i
3442 5609 3605 5682 fatti
3636 5610 3735 5683 da
3764 5611 4066 5683 cronisti
4105 5633 4154 5681 o
4192 5608 4289 5682 da
4323 5608 4626 5699 diaristi,

1100 5839 1118 5874 ¹
1161 5843 1415 5894 lh'stort‘a
1447 5844 1770 5910 florentina,
1821 5857 1924 5894 me.
1963 5844 2496 5910 magliabecchianO,
2536 5846 2714 5909 XXV,
2824 5848 2990 5898 zlone
3028 5846 3185 5912 (ΕΖΒ.
3221 5849 3301 5901 II.
3342 5850 3468 5912 SS.,
3495 5848 3604 5899 vol.
3630 5847 3678 5913 1)
3718 5850 3997 5916 riportata
4032 5849 4088 5900 13
4123 5847 4467 5917 prefazione,
4503 5846 4542 5898 1’
4556 5849 4629 5899 ho
4716 5849 4737 5904 5

923 5935 1043 5989 511,
1082 5941 1131 5975 c.
1171 5936 1256 5990 25.
2826 5934 3140 5984 consultata
3177 5934 3268 5985 nel
3306 5934 3562 6000 predetto
3602 5935 3795 5986 codice
3828 5934 4209 5996 laurenzIano,
4234 5934 4339 5985 che
4376 5929 4408 5984 ὲ
4445 5935 4626 6000 quello

1096 6006 1119 6042 ²
1156 6012 1246 6061 De
1306 6012 1666 6075 Temporibus,
1710 6014 1998 6081 praefatio
2048 6015 2141 6065 nel
2191 6030 2292 6065 ms.
2333 6014 2721 6078 laurenziano‚
2832 6015 3093 6066 dedicato
3132 6017 3225 6068 dal
3259 6016 3522 6069 Palm1eri
3570 6031 3606 6067 3
3648 6016 3813 6067 Piero
3853 6015 3937 6065 de’
3975 6015 4205 6078 Medici,
4241 6031 4401 6067 come
4450 6016 4628 6067 dimo·

920 6093 1092 6157 LXV,
1119 6105 1206 6161 45,
1231 6109 1279 6147 c.
1317 6107 1346 6144 2
1368 6110 1414 6147 r.
1489 6097 1619 6147 Non
1646 6097 1869 6148 avendo
1910 6098 1951 6148 il
1990 6097 2258 6149 Tan-tinio
2285 6099 2431 6149 nella
2467 6113 2570 6150 sua
2607 6097 2725 6149 edi·
2836 6097 3018 6151 strero
3054 6100 3291 6153 alti-ove.
