4823 7100
644 617 2561 627 nmwm.m.-fflm-m·mfflfflfflmffl

256 740 325 794 et
372 741 569 796 tanta
615 730 1010 817 desperatio
1054 750 1184 797 nos
1226 730 1553 816 irrepsit,'
1602 742 1678 796 ut
1721 730 1907 795 fame
1953 729 2204 815 perire,
2237 750 2444 816 quam
2477 730 2568 795 ad
2598 729 2845 816 impias
2889 728 3321 797 inimicorum
3350 750 3593 797 manus
3624 730 3973 808 devenire,

254 836 652 914 mallemus3
701 836 891 923 quod
935 836 1124 903 nulla
1171 837 1306 902 alia
1351 837 1440 901 de
1487 857 1564 902 re
1613 858 1763 903 esse
1824 836 2087 903 factum
2151 835 2485 915 existimo,
2540 836 2670 902 nisi
2728 835 3116 923 ignorantia
3158 835 3597 903 humanitatis
3642 849 3713 903 et
3756 836 3976 925 gratie

255 942 501 1028 populi
547 943 913 1022 florentini,
960 964 1095 1030 que
1141 955 1333 1010 tanta
1363 955 1487 1022 est,
1518 955 1595 1008 ut
1624 943 1884 1011 delicta
1915 942 2143 1010 omnia
2173 954 2414 1009 nostra
2457 942 2666 1009 facile
2698 943 2930 1009 vincat
2961 954 3033 1009 et
3062 955 3359 1030 superet.
3453 942 3618 1009 Non
3650 942 3977 1010 delictum

252 1049 418 1115 dico
471 1051 952 1117 defensionem
999 1061 1323 1130 nostram,
1356 1071 1563 1137 quam
1593 1050 1906 1117 fecimus.
1978 1032 2336 1117 ’Omnibus
2366 1049 2823 1117 animantibus
2870 1062 2973 1115 est
3017 1070 3062 1116 a
3105 1062 3348 1117 natura
3393 1049 3737 1128 tribum,
3783 1061 3859 1116 ut
3901 1071 3978 1116 se

176 1156 209 1221 5
254 1169 582 1224 tueantur
634 1170 1183 1245 conserventque
1231 1170 1301 1224 et
1345 1178 1487 1223 non
1534 1157 1856 1224 deserant
1916 1179 2070 1231 sua3
2122 1157 2248 1222 sed
2310 1155 2640 1222 delictum
2703 1156 3071 1243 appellavi,
3121 1156 3178 1223 si
3225 1178 3362 1244 qua
3421 1156 3976 1223 Florentinorum

251 1263 537 1328 nomine
587 1275 1122 1330 commemorata
1168 1263 1366 1330 nobis
1411 1264 1633 1342 fuere,
1680 1284 1813 1350 que
1860 1264 2193 1328 hactenus
2221 1276 2383 1329 ante
2416 1263 2553 1328 hoc
2589 1262 2844 1328 bellum
2895 1274 3139 1329 contra
3181 1262 3614 1330 florentinum
3644 1262 3974 1349 populum

250 1389 376 1454 per
423 1368 746 1436 iniuriam
792 1368 1181 1437 fecerimus.
1277 1368 1437 1448 Que
1472 1370 1727 1436 delicta
1770 1381 2022 1447 nostra,
2055 1368 2583 1456 qualiacumque
2614 1369 2892 1448 fuerint,
2924 1368 3044 1435 illa
3075 1382 3271 1436 certo
3301 1369 3572 1436 illorum
3607 1369 3976 1436 clementia

251 1488 647 1562 exsuperat.
736 1476 972 1544 Letari
1016 1477 1223 1564 igitur
1268 1497 1506 1543 omnes
1567 1474 1897 1542 debemus
1954 1474 2203 1542 talibus
2262 1474 2639 1542 victoribus
2683 1495 2811 1541 nos
2855 1475 3078 1541 victos
3121 1475 3371 1553 fuisse3
3423 1497 3581 1541 nam
3628 1476 3683 1541 si
3727 1496 3974 1561 parere

253 1581 641 1651 victoribus
683 1584 971 1649 victorie
1020 1583 1175 1671 lege
1224 1596 1554 1662 tenemur,
1605 1584 1712 1649 cui
1760 1582 1979 1670 magis
2038 1594 2339 1648 mentem
2388 1582 2923 1649 et'voluntatem
2972 1583 3140 1649 dare
3187 1581 3541 1662 debemus,
3588 1603 3793 1671 quam
3837 1580 3973 1648 illis

143 1690 210 1752 10
252 1687 660 1762 victoribus.
694 1689 811 1778 qui
842 1710 970 1756 nos
1001 1690 1227 1756 salvos
1259 1711 1407 1757 esse
1439 1690 1823 1767 voluerunt,
1857 1709 2011 1754 cum
2044 1689 2113 1755 in
2147 1687 2414 1755 eorum'
2445 1702 2629 1756 esset
2671 1701 3011 1775 potestate
3057 1709 3186 1756 nos
3228 1690 3570 1776 perditmn
3615 1688 3747 1755 iri?
3793 1688 3971 1757 Cum

249 1795 613 1861 videamus
658 1796 866 1885 igitur
910 1797 983 1861 in
1024 1797 1179 1883 ipso
1223 1796 1511 1863 victorie
1560 1796 1818 1882 impetu
1864 1795 2151 1883 gratiam
2199 1808 2431 1862 nostre
2463 1794 2701 1864 salutis
2734 1797 2919 1882 apud
2965 1809 3237 1864 nostros
3278 1795 3620 1863 invenisse
3651 1796 3971 1874 victores,

249 1922 541 1986 sperare
591 1916 783 1969 certo
831 1903 1185 1981 debemus,
1231 1904 1443 1990 quod,
1490 1902 2069 1989 quemadmodum
2116 1921 2242 1968 nos
2288 1902 2514 1969 salvos
2562 1923 2709 1968 esse
2755 1904 3141 1981 voluerunt,
3186 1903 3281 1969 ita
3327 1903 3810 1969 conservando
3852 1922 3973 1969 cu·

248 2009 564 2076 stodient
607 2021 821 2097 atque
864 2010 1198 2077 extollere
1247 2009 1681 2077 conabuntur
1727 2021 1797 2076 et
1842 2020 2186 2096 tamquam
2248 2021 2483 2094 patres
2526 2028 2654 2075 nos
2700 2007 3179 2096 gubernabunt
3226 2021 3295 2074 et
3341 2021 3607 2097 regent.
3700 2009 3856 2075 Nec
3898 2008 3973 2075 in

252 2115 567 2181 fumrum
615 2116 867 2184 erimus
911 2128 1355 2206 tyrannorum
1402 2117 1642 2203 preda,
1689 2114 2269 2202 quemadmodum
2316 2115 2548 2201 sepius
2589 2115 2972 2202 iterumque
3020 2115 3289 2183 fuimus.
3385 2113 3697 2192 Quarum
3743 2136 3970 2182 rerum

139 2220 203 2286 15
248 2222 580 2308 exempla
621 2243 765 2290 non
809 2223 1018 2311 longe
1064 2223 1423 2310 querenda
1468 2235 1642 2289 sunt.
1733 2222 1813 2287 In
1860 2223 1996 2287 hoc
2046 2222 2227 2287 enim
2260 2233 2420 2288 cetu
2449 2232 2709 2300 nostr0,
2742 2243 2946 2308 quem
2991 2234 3384 2308 presentem
3414 2221 3747 2301 videmus,
3778 2221 3972 2289 multi

248 2339 427 2406 sunt,
483 2329 730 2417 quibus
774 2352 901 2417 per
945 2330 1080 2397 vim
1128 2329 1539 2416 patrimonia
1570 2329 1824 2396 fuerint
1853 2351 1896 2396 a
1927 2329 2174 2395 nostris
2205 2327 2518 2417 tyrannis
2551 2328 2896 2415 adempta.
2991 2328 3165 2396 Sunt
3195 2328 3441 2417 quibus
3471 2330 3543 2395 in
3573 2349 3734 2397 suos
3765 2328 3973 2397 exilia

249 2447 316 2500 et
364 2448 631 2502 mortes
677 2448 1049 2523 stupraque
1097 2451 1167 2504 et
1211 2437 1549 2504 adulteria
1581 2436 1839 2502 fuerint
1882 2436 2091 2501 illata.
2183 2436 2713 2502 Bartholomeus
2756 2437 2954 2503 adest
3001 2435 3469 2512 Scornitanus,
3515 2435 3630 2502 cui
3675 2433 3961 2502 Gabriel

250 2540 505 2619 Maria,
551 2555 787 2609 noster
834 2543 997 2608 olim
1042 2556 1391 2632 tyrannus,
1440 2546 1593 2609 ἣν
1639 2562 2066 2609 nummorum
2125 2542 2271 2607 auri
2333 2541 2462 2607 sub
2522 2542 2662 2608 vite
2725 2542 3121 2609 conditione
3166 2563 3295 2629 per
3356 2541 3653 2609 triduum
3704 2541 3969 2628 eripuit.

250 2646 483 2715 Adest
530 2649 884 2715 Gerardus
936 2650 1377 2737 Companius,
1422 2650 1525 2715 vir
1572 2648 1843 2736 magnis
1889 2647 2135 2735 opibus
2194 2648 2265 2714 in
2326 2660 2564 2715 nostra
2624 2648 2797 2715 urbe
2862 2649 3290 2726 clarissimus,
3354 2670 3558 2735 quem
3619 2649 3974 2736 Johannes

132 2754 206 2817 20
252 2752 728 2822 Gambacurta
773 2760 931 2842 per'
979 2776 1268 2843 magnos
1315 2756 1625 2841 corporis
1672 2754 2013 2821 cruciatus
2060 2756 2150 2822 ad
2196 2756 2820 2822 manifestationem
2853 2776 3124 2821 suarum
3155 2776 3383 2821 rerum
3416 2754 3706 2841 impulit,
3737 2755 3968 2821 donec

248 2859 436 2926 bona
487 2862 737 2940 omnia,
787 2884 921 2950 que
966 2860 1387 2948 possidebat,
1434 2862 1707 2948 penitus
1755 2861 2102 2947 expilavit.
2194 2861 2616 2929 Luctuosum
2648 2873 2828 2929 esset
2874 2874 2944 2927 et
2987 2882 3199 2949 grave
3249 2860 3538 2927 acerbas
3582 2873 3969 2928 nostrorum

248 2966 506 3033 civium
552 2980 808 3035 mortes
856 2981 925 3033 et
968 2967 1263 3034 maxime
1310 2968 1400 3034 de
1450 2968 1828 3034 Saccorum
1875 2967 2138 3034 familia
2197 2989 2518 3045 narrare3
2581 2968 2708 3035 sed
2769 2980 2935 3033 nota
2980 2967 3294 3034 omnibus
3338 2979 3495 3034 sunt
3540 2979 3610 3034 et
3666 2967 3850 3046 talia,
3894 2979 3971 3033 ut

251 3074 552 3138 maxime
601 3074 819 3160 patrie
865 3087 1097 3140 nostre
1147 3074 1555 3140 detrimento
1602 3075 1735 3140 sint
1780 3073 1990 3140 facta.
2085 3074 2448 3162 Virginum
2494 3086 2749 3160 raptus,
2795 3073 3254 3139 masculorum
3300 3073 3731 3153 concubitus,
3778 3073 3973 3140 adnl-

248 3178 443 3257 teria,
496 3193 733 3266 stupra
778 3193 847 3247 et
893 3180 1029 3247 alia
1073 3181 1381 3247 nefanda
1426 3181 1695 3247 scelera
1753 3201 1886 3268 per
1946 3180 2084 3245 vim
2143 3191 2544 3267 perpetrata
2605 3181 2904 3247 tacenda
2955 3193 3133 3259 sunt,
3182 3180 3341 3268 quia
3384 3180 3532 3247 sine
3578 3191 3968 3247 nostrorum

18 3306 21 3311 >
134 3282 205 3349 25
250 3285 545 3352 infamia
589 3289 937 3354 recenseri
982 3308 1123 3354 non
1166 3300 1472 3374 possunt,
1519 3289 1644 3353 sed
1692 3287 1855 3353 talia
1915 3288 2135 3366 fuere,
2199 3288 2428 3374 qualia
2492 3288 3039 3376 concupiverunt
3089 3287 3206 3375 qui
3269 3287 3468 3354 nobis
3519 3286 4011 3389 dominabam—

247 3405 375 3461 tur.
474 3394 583 3460 De
648 3395 911 3482 ingenti
971 3396 1182 3473 fame,
1251 3416 1457 3482 quam
1483 3434 1490 3440 -
1519 3395 1833 3482 perpessi
1891 3394 2259 3461 novissime
2330 3417 2582 3473 sumus,
2652 3415 3239 3481 supervacaneum
3311 3406 3416 3460 est
3479 3394 3739 3474 dicere,
3810 3416 3966 3463 cum

128 3491 160 3507 O

248 3500 445 3567 multi
496 3500 684 3568 fame
729 3501 1082 3587 perierint,
1132 3514 1220 3582 et,
1268 3501 1489 3590 qualis
1535 3502 1764 3580 fuerit,
1825 3514 2059 3569 nostra
2103 3513 2471 3568 extenuata
2530 3514 3071 3591 consumptaque
3133 3520 3435 3589 corpora
3478 3500 3802 3570 habunde
3846 3501 3970 3569 de·

247 3620 656 3688 monstrant,
704 3621 774 3674 et
840 3609 1366 3675 Bartholomeus
1428 3608 1883 3677 Scornitanus
1944 3609 2295 3675 testificari
2352 3609 2588 3695 possit,
2635 3610 2752 3696 qui
2798 3609 3045 3677 decem
3110 3610 3207 3675 et'
3273 3621 3433 3676 octo
3492 3608 3700 3675 tritici
3762 3607 3972 3675 libras

248 3713 503 3780 decem
551 3727 619 3781 et
666 3727 826 3781 octo
873 3715 1036 3781 emit
1083 3715 1228 3780 auri
1278 3714 1599 3802 dragmis,
1646 3736 1780 3782 nec
1828 3715 2120 3802 amplius
2164 3716 2536 3781 emendum
2595 3715 2873 3782 invenit.
2967 3715 3218 3783 Omnia
3276 3713 3412 3781 hec
3473 3733 3613 3781 non
3674 3715 3821 3782 sine
3869 3714 3969 3781 la·

129 3820 205 3884 30
251 3820 510 3886 crimis'
558 3820 947 3888 meminisse
996 3820 1326 3888 debemus
1387 3834 1457 3888 et
1518 3821 1816 3908 exempli
1862 3821 2083 3909 gratia
2142 3823 2214 3887 in
2274 3822 2506 3889 animo
2559 3823 2857 3888 retinere
2902 3822 3263 3910 Deumque
3324 3822 3628 3901 laudare,
3675 3821 3792 3910 qui
3839 3842 3969 3888 nos

247 3927 455 3994 tantis
502 3927 699 3993 malis
745 3927 1060 3995 liberavit
1109 3941 1181 3995 et
1223 3929 1313 3993 ad
1361 3927 1595 3995 salutis
1638 3940 1913 4015 portum
1960 3928 2031 3993 in
2074 3950 2315 3995 manus
2359 3929 2630 4015 piorum
2678 3929 2981 3995 deduxit.
3076 3928 3531 3996 Securitatem
3590 3929 3799 4016 igitur
3841 3928 3968 3996 bo-

247 4054 554 4120 namque
600 4055 794 4120 spem
843 4055 928 4099 ea
973 4034 1351 4100 affectione
1398 4034 1867 4121 suscipiamus,
1930 4057 2066 4121 qua
2123 4034 2324 4101 nobis
2370 4047 2570 4122 grata
2628 4055 2804 4101 voce
2853 4033 3279 4111 obtulerunt3
3325 4056 3689 4122 pareamus
3733 4055 3973 4102 eorum

245 4141 625 4218 mandatis;
676 4140 960 4207 taberne
1025 4140 1608 4230 tabernaculaque
1675 4153 1926 4208 cuncta
1984 4154 2221 4208 nostra
2267 4142 2685 4227 aperiantur,
2734 4154 2803 4207 et
2850 4141 3137 4229 quisque
3192 4141 3449 4208 artibus
3503 4140 3969 4230 operibusque

246 4248 407 4312 suis
430 4247 742 4314 securius
784 4247 1158 4327 incumbat,
1193 4249 1647 4316 existimando
1678 4270 1790 4314 res
1822 4268 2060 4314 omnes
2090 4269 2245 4314 suas
2275 4269 2509 4320 amore
2556 4248 2835 4335 proprie
2869 4248 2991 4328 rei,
3024 4269 3157 4315 nec
3189 4268 3318 4335 pro
3349 4247 3468 4314 vili
3517 4248 3972 4314 excludantur

130 4352 201 4417 35
246 4354 602 4432 mercede,
627 4366 701 4420 ut
745 4353 1053 4422 nonnulli
1086 4368 1292 4421 antea
1335 4355 1596 4421 fecere.
1689 4353 2113 4421 Delictorum
2145 4354 2552 4442 impunitate
2586 4367 2792 4442 atque
2825 4355 3104 4421 licentia
3131 4354 3204 4420 in
3233 4354 3405 4422 urbe
3439 4354 3764 4443 degendi,
3798 4376 3969 4443 que-

245 4460 699 4526 madmodum
746 4460 962 4527 libere
1011 4473 1525 4539 concesserunt,
1572 4462 1667 4527 ita
1700 4461 1914 4530 libere
1949 4481 2188 4528 omnes
2216 4473 2512 4528 utantur.
2604 4461 2968 4528 Mittantur
3015 4462 3439 4529 Florentiam
3487 4473 3814 4540 oratores,
3849 4461 3968 4549 qui

433 4774 482 4811 1.
534 4760 790 4829 irrepsit]
836 4763 893 4813 C.
919 4763 983 4814 0.
1023 4765 1254 4827 irrexit3
1292 4761 1351 4813 S.
1379 4763 1450 4813 R.
1470 4763 1556 4813 Μ.
1607 4765 1813 4831 irrepit
1849 4788 1916 4799 —
1955 4776 2006 4813 2.
2035 4760 2351 4828 mallemus]
2399 4764 2465 4814 O.
2486 4762 2545 4815 S.
2584 4763 2638 4816 V.
2660 4765 2743 4814 M
2781 4762 3168 4827 maneremus3
3192 4762 3352 4814 anche
3379 4764 3440 4815 C.
3465 4757 3752 4814 maHEmus
3778 4787 3801 4799 -
3828 4760 3973 4828 esse]

244 4843 427 4895 ΒΑΗ.
468 4859 620 4896 onum.
658 4872 724 4882 —
766 4856 813 4910 ς.
852 4843 1136 4910 tueantur]
1177 4848 1246 4897 R.
1285 4844 1590 4898 defendant
1628 4872 1653 4884 ·
1688 4845 1975 4912 deserant]
2016 4846 2073 4897 V.
2112 4846 2403 4897 desserant
2442 4873 2509 4883 —
2545 4845 2597 4897 6.
2623 4845 2917 4911 hactenus]
2971 4848 3027 4898 V.
3053 4849 3291 4898 actenus
3327 4873 3394 4884 —
3424 4856 3473 4911 7.
3498 4859 3607 4912 que
3642 4846 3971 4898 delicta....

248 4930 441 4978 victos
489 4925 686 4993 fuisse]
724 4930 790 4978 P.
829 4944 977 4980 omn.
1017 4955 1039 4966 -
1074 4928 1520 4996 qualiacumque]
1562 4930 1619 4980 S.
1657 4929 2066 4994 qualiacunque
2103 4956 2170 4966 —
2208 4928 2261 4979 8.
2298 4928 2615 4997 exsuperat]
2655 4929 2726 4979 R.
2748 4932 2831 4981 M
2870 4932 3136 4997 exuperat
3172 4956 3196 4967 -
3234 4927 3574 4993 victoribus]
3615 4929 3681 4981 O.
3718 4945 3868 4981 osum.
3908 4957 3974 4968 —-

247 5023 298 5074 9.
336 5010 613 5076 victorie]
652 5011 726 5062 R.
746 5014 829 5063 M
850 5014 910 5064 S.
948 5013 1331 5078 victoriaeque
1368 5039 1390 5051 -
1428 5013 1569 5082 lege]
1609 5016 1694 5065 M.
1729 5014 1871 5079 legi3
1895 5015 1955 5063 in
1979 5014 2037 5064 S.
2065 5012 2186 5079 lege
2224 5020 2456 5065 correcto
2482 5016 2538 5065 {n
2571 5015 2684 5082 legi
2722 5043 2788 5054 —
2832 5027 2915 5063 10.
2949 5013 3259 5079 perditum]
3302 5013 3367 5064 0.
3405 5011 3745 5081 impeditum
3783 5040 3850 5051 —
3893 5027 3974 5065 12.

165 5105 189 5156 5
245 5096 436 5147 salvos
474 5095 617 5161 esse]
654 5099 737 5147 M
758 5095 831 5146 R.
870 5109 991 5147 esse
1016 5098 1206 5147 salvos
1231 5103 1301 5148 —d
1331 5112 1410 5163 13.
1439 5094 1749 5164 tamquam]
1777 5097 1924 5149 QS.
1965 5099 2236 5162 tanquam
2261 5124 2284 5136 -
2324 5096 2455 5164 nos]
2494 5100 2560 5148 P.
2597 5098 2655 5149 V.
2695 5113 2845 5150 omn.
2886 5127 2950 5135 —
2993 5111 3075 5163 14.
3112 5094 3530 5164 tyramnorum]
3578 5098 3642 5148 O.
3677 5098 3974 5165 tyr-amno·

249 5195 408 5245 rumg
448 5181 520 5231 P.
556 5180 917 5232 tirannorum
954 5211 1019 5219 —
1052 5181 1132 5232 16.
1170 5182 1400 5247 qulbus]
1442 5183 1498 5233 V.
1527 5181 1622 5245 qui
1650 5209 1674 5220 -
1701 5181 2071 5250 patrimonia]
2101 5182 2166 5233 0.
2206 5183 2568 5234 matrimonia
2615 5208 2640 5220 ·
2672 5179 2911 5246 fuerint]
2954 5182 3020 5232 Ο.
3059 5181 3291 5233 fuerunt
3329 5207 3352 5219 -
3387 5179 3674 5249 tyrannis]
3716 5182 3781 5234 0.
3818 5184 3974 5250 tyra-

248 5265 433 5329 mn1s3
458 5266 529 5315 P.
553 5264 801 5318 tiranni·
840 5293 906 5302 —
950 5273 1029 5329 17.
1069 5265 1393 5335 stupraque]
1425 5269 1485 5320 C.
1524 5269 1582 5318 S.
1624 5269 1963 5334 strupaque3
2000 5267 2068 5316 L.
2107 5268 2468 5334 strupraque3
2520 5267 2577 5317 V.
2617 5267 2677 5317 et
2713 5269 3018 5334 stupraque
3054 5291 3077 5303 -
3110 5264 3352 5331 fixerint]
3394 5267 3463 5317 L.
3500 5264 3737 5320 fuerunt
3773 5293 3798 5306 -
3835 5267 3976 5318 Bar-

248 5345 605 5413 tholomens]
646 5348 704 5399 S.
742 5349 1135 5402 Bartolomeus
1174 5375 1196 5387 -
1233 5349 1628 5416 Scornitanus]
1671 5349 1740 5399 R.
1763 5350 1822 5400 S.
1873 5351 2285 5413 Scornetanusg
2323 5353 2407 5401 M
2435 5357 2576 5415 poco
2619 5349 2977 5416 intelligibile,
3026 5351 3077 5399 il
3107 5350 3266 5401 Mun.
3304 5351 3438 5401 lem
3483 5350 3869 5404 soon-neman·
3908 5380 3974 5389 —

257 5438 338 5490 18.
366 5434 674 5502 tyrannus]
707 5439 766 5489 C.
790 5438 854 5487 0.
883 5439 1208 5504 tyramnus3
1232 5440 1299 5489 P.
1327 5439 1584 5490 tirannus
1611 5465 1634 5477 ·
1660 5436 1804 5504 siv]
1832 5443 1898 5492 P.
1928 5423 2079 5504 x'i'tvg
2104 5440 2162 5493 S.
2188 5442 2268 5492 M
2308 5441 2803 5508 vigintiquinque3
2831 5440 2903 5490 R.
2932 5439 3384 5507 vigintiquinque
3409 5441 3595 5492 millia
3619 5466 3644 5479 -
3679 5440 3970 5493 conditio·

140 5533 197 5569 10
250 5519 345 5584 ne]
384 5523 451 5572 O.
480 5520 844 5572 condictione
868 5550 934 5559 —-
966 5537 1048 5588 19.
1076 5521 1385 5589 Gerardus]
1419 5526 1478 5577 C.
1497 5524 1563 5573 P.
1601 5526 1655 5576 V.
1682 5525 1937 5576 Grardus
1972 5550 1995 5562 -
2034 5523 2406 5591 Companius]
2439 5525 2497 5576 S.
2520 5525 2591 5574 R.
2613 5527 2695 5576 M
2724 5524 3068 5590 Campanus
3106 5549 3129 5560 -
3159 5522 3470 5589 johannes]
3511 5525 3582 5575 R.
3597 5524 3662 5577 S.
3691 5523 3977 5591 Joannes3

268 5605 323 5653 V.
356 5604 647 5669 Jovannes
687 5633 751 5641 —
790 5617 875 5655 20.
900 5618 1123 5657 suarum
1162 5605 1370 5672 rerum]
1425 5608 1479 5657 V.
1507 5623 1689 5659 rerum
1726 5623 1955 5659 suarum
1995 5634 2018 5646 -
2054 5607 2260 5674 donec]
2316 5610 2371 5660 V.
2398 5608 2618 5659 donehc
2643 5637 2709 5646 —
2737 5621 2821 5659 21.
2848 5606 3198 5676 possidebat]
3238 5608 3297 5657 S.
3320 5607 3616 5675 posidebat
3640 5635 3706 5645 -
3734 5621 3819 5658 22.
3846 5609 3976 5659 Sac-

251 5684 474 5752 corum]
515 5689 553 5737 I.
575 5690 641 5738 L.
681 5689 1023 5740 Sacchorum
1063 5719 1128 5727 —
1169 5703 1250 5755 ²4·
1290 5689 1509 5758 stupra]
1556 5695 1613 5742 C.
1636 5693 1693 5743 S.
1732 5695 1926 5758 sti-upa
1963 5720 1986 5732 ·
2022 5691 2292 5758 nefanda]
2324 5692 2388 5743 0.
2416 5692 2714 5758 nephanda
2752 5721 2817 5729 —
2857 5702 2941 5756 25.
2978 5689 3455 5760 concupiverunt]
3493 5694 3559 5742 P.
3597 5692 3976 5761 concupivere

205 5785 215 5793 ⁸
254 5801 318 5810 —
358 5781 447 5836 27.
484 5770 771 5837 habunde]
812 5774 851 5822 t.
873 5775 940 5823 L.
962 5774 1106 5823 P.S.
1131 5773 1201 5824 R.
1224 5777 1309 5825 M.
1347 5776 1567 5826 abunde
1607 5802 1674 5813 —
1714 5778 1796 5828 28.
1835 5775 2284 5841 Bartholomeus]
2326 5778 2384 5828 S.
2426 5776 2810 5827 Bartolomeus
2857 5801 2882 5814 -
2930 5774 3331 5842 Scornltanus]
3379 5778 3451 5827 R.
3475 5778 3555 5826 M
3593 5776 3974 5827 Scornetanus

254 5884 277 5896 -
311 5856 472 5923 octo]
513 5860 581 5908 L.
620 5859 747 5908 otto
786 5887 850 5895 -
890 5871 973 5922 29.
1000 5857 1164 5924 emit]
1218 5861 1275 5910 V.
1314 5864 1516 5911 emerit
1553 5887 1576 5899 ·
1612 5861 1886 5928 dragmis]
1916 5863 1985 5912 R.
2012 5862 2251 5913 dracmis
2289 5889 2354 5899 ——
2382 5875 2566 5928 29-30.
2592 5858 2866 5926 lacrimis]
2902 5863 2967 5912 O.
2987 5863 3052 5912 P.
3088 5860 3374 5911 lachrimis
3401 5889 3466 5898 —
3494 5874 3578 5927 33.
3605 5859 3861 5926 taberne]
3887 5863 3973 5912 M

145 5952 195 6002 15
254 5942 516 5992 tabernas
551 5967 576 5980 -
611 5940 962 6009 aperiantur]
1002 5943 1089 5992 M
1126 5946 1447 6012 aperiamus
1492 5972 1558 5982 —
1604 5960 1689 6011 34.
1739 5945 2047 6012 incumbat]
2091 5946 2155 5997 0.
2179 5947 2261 5997 M
2300 5946 2666 6009 incumbant3
2708 5946 2871 5996 anche
2911 5946 2971 5996 C.
3010 5943 3250 5997 inci-ibit
3285 5970 3310 5983 -
3344 5942 3740 6010 excludantur]
3782 5944 3853 5994 R.
3880 5946 3965 5996 M

254 6025 586 6078 excludatur
619 6056 689 6066 -
725 6034 811 6090 35.
845 6024 1004 6090 urbe]
1041 6028 1108 6078 P.
1148 6026 1281 6080 orbe
1318 6056 1385 6066 —-
1423 6025 1511 6095 36.
1546 6027 1802 6095 utantur]
1832 6029 1896 6081 Ο.
1924 6035 2142 6082 utamur
2169 6055 2193 6069 ·
2218 6028 2545 6095 mittantur]
2588 6029 2657 6080 L.
2681 6030 2982 6081 mictamur

568 6253 1214 6326 T.xlx‚p.n—3.

1200 462 1343 535 DE
1399 461 2116 536 CAPTIVITATE
2165 450 2644 536 PISARUM
2697 460 3022 537 LIBER
3873 461 3973 534 33

4128 748 4311 800 mehr

4126 3631 4282 3680 Mun..
4315 3632 4392 3674 1⁹³

4119 3847 4299 3891 &178
