4823 7100
877 424 967 500 12
2191 416 2682 497 MATTHEI
2738 414 3251 496 PALMERII

862 689 1089 777 igitur,
1135 688 1527 777 priusquam
1573 688 1940 776 quicquam
1984 687 2199 767 fieret,
2245 699 2614 774 expectare
2662 708 2796 774 que
2842 686 3059 754 verba
3101 688 3388 754 ferrent.
3479 686 3821 755 Proximis
3881 685 4045 754 inde
4105 686 4349 754 diebus
4414 707 4574 753 cum

867 795 1286 865 Florentiam
1334 794 1794 874 devenissent,
1841 793 2210 860 constituto
2254 804 2567 879 tempore
2593 792 2635 873 ¹,
2666 813 2900 861 coram
2946 792 3315 859 maioribus
3359 792 3863 881 magistratibus
3905 805 3978 861 et
4005 792 4370 860 florentine
4403 792 4577 863 Rei-

394 922 837 965 oraetopssmrm
865 900 1144 989 publice
1188 901 1495 989 patribus
1537 900 1611 967 in
1648 901 1839 967 ‘hunc
1885 900 2167 967 modum
2207 897 2425 966 verba
2467 899 2736 966 fecere:
2788 898 2866 966 Si
2909 921 2953 965 a
2982 911 3223 969 natura
3254 899 3487 993 datum
3521 912 3720 979 esset,
3750 911 3827 966 ut
3869 900 4010 969 suis
4053 899 4374 967 homines
4405 919 4574 967 con-

452 2206 606 2253 Μυιι..
645 2204 722 2248 174

509 2746 680 2788 aut

511 3913 698 3957 c.15r

774 5877 846 5920 20

870 1008 1041 1075 tenti
1086 1005 1333 1095 opibus
1377 1018 1626 1086 essent,
1672 1005 2255 1094 quemadmodum
2299 1026 2426 1071 sua
2469 1005 2773 1072 contenti
2820 1016 2975 1071 sunt
3018 1004 3375 1091 sapientia,
3420 1025 3578 1073 raro
3625 1005 3905 1093 quidem
3950 1018 4131 1072 esset
4162 1017 4232 1072 et
4261 1027 4307 1072 a
4334 1005 4581 1092 paucis

868 1114 1121 1181 violata
1163 1112 1436 1181 iustitia.
1528 1112 1694 1192 Sed,
1740 1113 1903 1199 quia
1945 1112 2109 1178 satis
2150 1109 2351 1178 nobis
2395 1111 2729 1197 sapientie
2775 1110 3046 1178 videtur
3091 1111 3315 1199 inesse
3360 1110 4038 1199 quantulumcunque
4066 1112 4171 1191 sit,
4204 1132 4377 1199 opes
4408 1130 4579 1193 vero
4663 1111 4694 1178 5

869 1223 944 1288 in
988 1220 1322 1289 infinitum
1367 1232 1701 1307 optamus,
1747 1220 2008 1285 factum
2054 1239 2205 1284 esse
2250 1237 2431 1297 reor,
2477 1229 2555 1284 ut
2599 1229 2669 1284 et
2696 1218 3074 1304 potentiam
3106 1230 3176 1285 et
3206 1218 3467 1284 alienas
3496 1238 3669 1304 opes
3698 1231 4121 1306 appetamus.
4211 1218 4584 1289 Credimus

883 1341 1135 1406 tamen,
1180 1326 1525 1393 florentini
1570 1326 1778 1403 cives,
1824 1324 2022 1392 vobis
2066 1336 2327 1391 tantum
2374 1324 2737 1410 prudentie
2785 1344 2870 1391 ac
2915 1324 3149 1414 iudicij
3199 1325 3445 1404 inesse,
3507 1337 3584 1391 ut
3630 1326 4067 1414 cognoscatis
4110 1345 4322 1412 quam
4378 1325 4584 1391 inhu-

869 1455 1146 1501 manum
1193 1445 1265 1499 et
1310 1444 1553 1501 contra
1595 1431 1913 1498 iustitiam
1957 1431 2044 1497 sit
2089 1430 2386 1496 alienum
2417 1451 2559 1496 non
2586 1430 2806 1496 solum
2838 1443 3169 1517 appetere
3199 1432 3347 1510 sed,
3394 1431 3643 1497 fraude
3675 1444 4110 1517 occupatum,
4142 1430 4211 1499 vi
4257 1444 4330 1498 et
4373 1432 4585 1499 armis

867 1555 1129 1609 teneret
1220 1537 1547 1618 Audistis,
1595 1538 1758 1626 quia
1800 1535 2128 1624 scriptum
2176 1549 2311 1603 est:
2360 1537 2528 1604 Non
2557 1536 2987 1605 desiderabis
3015 1557 3162 1602 rem
3191 1537 3489 1624 proximi
3519 1536 3636 1604 tui.
3725 1536 3877 1604 Vos
3907 1552 4135 1605 autem
4176 1556 4321 1604 non
4349 1537 4579 1605 solum

876 1646 1338 1726 desiderastis,
1386 1644 1513 1712 sed
1558 1644 1942 1711 abstulistis.
2036 1640 2216 1721 Quis
2260 1641 2390 1710 est'
2440 1642 2624 1709 enim
2666 1642 3043 1730 proximior
3073 1664 3275 1731 quam
3307 1644 3538 1710 vicino
3569 1642 3881 1710 vicinus?
3928 1644 4078 1711 Vos
4107 1656 4341 1711 tamen
4367 1644 4585 1711 vicini
4632 1647 4701 1710 10

876 1754 1093 1821 nostri
1138 1765 1208 1819 et
1253 1752 1463 1840 longo
1507 1750 1730 1837 spatio
1777 1769 2099 1838 agrorum
2143 1746 2390 1814 finibus
2436 1749 2650 1815 iuncti
2691 1749 2787 1815 ita
2829 1762 3064 1815 nostra
3105 1748 3565 1829 desiderastis,
3610 1763 3706 1830 ut,
3750 1750 3940 1817 urbis
3980 1763 4218 1817 nostre
4263 1771 4432 1817 arce
4464 1771 4587 1817 oc-

879 1872 1150 1947 cupata,
1196 1857 1437 1925 urbem
1481 1857 1701 1943 ipsam
1747 1875 2125 1944 agrumque
2174 1876 2330 1920 cum
2376 1856 2642 1921 honore
2689 1867 2760 1922 et
2801 1855 3113 1941 potentia
3172 1868 3242 1922 et
3286 1854 3616 1944 dignitate
3676 1868 3914 1924 nostra
3958 1874 4305 1944 occupare
4371 1877 4587 1923 cona-

876 1967 1143 2034 remini.
1234 1962 1395 2041 Que
1443 1962 1673 2051 qualia
1717 1974 1789 2029 et
1831 1960 2183 2049 quomodo
2228 1960 2525 2027 ferenda
2568 1961 2723 2039 sint,
2769 1973 3001 2031 vestro
3048 1961 3303 2035 iudicio
3348 1962 3772 2030 mandamus.
3863 1963 4015 2030 Lex
4058 1961 4226 2030 belli
4271 1984 4359 2030 ac
4406 1965 4587 2029 mili-

878 2075 1043 2142 taris
1088 2084 1211 2150 est,
1264 2083 1338 2137 ut
1382 2069 1589 2137 etiam
1632 2069 1705 2134 in
1749 2069 2015 2135 hostem
2059 2067 2145 2134 sit
2190 2067 2364 2134 fides
2407 2066 2752 2134 servanda
2795 2079 2871 2134 et
2911 2067 3181 2144 virtute,
3243 2087 3383 2134 non
3431 2069 3702 2149 fraude,
3750 2090 3907 2135 cum
3953 2070 4152 2137 hoste
4200 2090 4585 2137 cernamus.

873 2179 1045 2250 Vos'
1098 2191 1328 2246 tamen
1370 2196 1511 2244 non
1556 2177 1810 2254 hostes,
1857 2176 1982 2241 sed
2030 2174 2240 2241 vicini
2285 2185 2376 2254 et,
2437 2186 2513 2240 ut
2569 2173 3077 2261 reputabamus,
3124 2175 3329 2240 amici
3370 2194 3501 2262 per
3542 2175 4067 2245 subductionem
4123 2188 4194 2243 et
4237 2177 4585 2257 fraudem,
4637 2176 4701 2243 15

869 2287 1071 2355 nobis
1114 2283 1427 2353 omnibus
1474 2281 1726 2371 inscijs,
1758 2300 1886 2349 nos
1930 2292 2002 2347 et
2046 2291 2284 2346 nostra
2324 2299 2559 2345 emere
2606 2291 2678 2346 et
2718 2291 2946 2346 vestre
2992 2279 3276 2346 dictioni
3320 2280 3637 2347 subicere
3684 2281 4098 2369 quesivistis:
4148 2282 4240 2349 de
4269 2284 4407 2349 hoc
4441 2303 4589 2348 ma-

874 2395 1077 2474 xime,
1121 2392 1217 2458 de
1260 2391 1420 2469 hoe,
1464 2387 1810 2455 florentini
1855 2387 2063 2466 cives,
2113 2385 2341 2453 cordis
2385 2397 2620 2452 mente
2662 2385 2976 2452 dolemus
3021 2398 3092 2452 et
3135 2387 3273 2453 hoc
3317 2388 3464 2453 sine
3509 2387 3651 2453 ulla
3680 2389 3854 2456 iusta
3883 2387 4146 2456 factum
4191 2410 4343 2457 esse
4377 2410 4592 2458 causa

873 2501 1167 2569 maxime
1215 2496 1684 2565 condolemus.
1771 2493 1920 2560 Vos
1966 2504 2194 2560 autem
2242 2505 2456 2573 orate,
2503 2512 2593 2557 ne
2639 2490 2838 2558 vobis
2883 2492 3023 2558 tale
3070 2505 3186 2559 aut
3228 2514 3356 2579 par
3387 2493 3640 2560 malum
3672 2494 3964 2562 eveniat.
4055 2493 4184 2563 Pie
4216 2497 4399 2564 enim
4436 2516 4591 2563 cre-

880 2608 1185 2676 dendum
1229 2616 1352 2682 est,
1400 2603 1591 2690 quod
1636 2601 1825 2667 Deus
1868 2599 2041 2687 ipse,
2087 2598 2205 2686 qui
2247 2598 2440 2665 videt
2483 2599 2558 2664 in
2601 2597 3031 2679 absconditO,
3078 2598 3148 2663 in
3195 2597 3603 2666 abscondito
3647 2600 3899 2668 reddet
3958 2600 4174 2669 vobis.
4266 2603 4422 2670 Nos
4483 2625 4595 2670 re-

877 2715 1117 2803 ligiose
1164 2711 1443 2799 quidem
1490 2720 1561 2775 et
1605 2719 1840 2774 sancte
1890 2705 2232 2772 credimus
2259 2704 2892 2790 recuperationem'
2923 2716 3155 2771 nostre
3187 2705 3387 2785 arcis,
3417 2717 3557 2771 tam
3591 2706 3910 2776 celeriter
3940 2720 4011 2774 et
4053 2709 4201 2776 sine
4232 2729 4592 2798 percusso,
4635 2711 4709 2775 20

877 2833 952 2888 ut
994 2821 1091 2886 ita
1137 2816 1447 2896 dixerim,
1495 2836 1658 2881 ense
1706 2835 1750 2878 a
1792 2811 1991 2879 nobis
2037 2812 2320 2891 factam,
2370 2824 2559 2878 certe
2604 2831 2748 2878 non
2793 2812 2939 2877 sine
2987 2811 3223 2878 divino
3270 2812 3528 2878 factam
3577 2835 3727 2880 esse
3772 2814 4127 2896 miraculo,
4187 2829 4265 2883 ut
4324 2836 4595 2896 eorum,

882 2926 999 3016 qui
1045 2947 1172 3013 per
1216 2921 1658 2990 ambitionem
1703 2920 1881 2986 adeo
1925 2918 2159 3007 inique
2206 2938 2285 2985 se
2329 2918 2633 2985 exaltare
2679 2915 3164 3005 procurabant,
3209 2917 3488 3006 publice
3536 2919 3934 2989 irrideretur
3978 2922 4274 3010 ignavia.
4365 2923 4595 2990 Iustus

878 3032 1156 3121 quidem
1203 3040 1308 3097 est
1350 3047 1580 3095 rerum
1627 3024 2054 3092 contributor
2096 3025 2307 3104 Deus,
2354 3024 2544 3111 apud
2590 3044 2796 3110 quem
2842 3044 3191 3111 nunquam
3237 3024 3572 3111 impunita
3632 3044 3839 3095 causa
3894 3029 4240 3109 remansit,
4285 3049 4428 3095 nec
4491 3042 4596 3096 est

886 3161 1016 3227 per
1044 3138 1277 3203 futura
1318 3133 1556 3202 secula
1596 3151 2014 3200 remansura.
2106 3129 2341 3198 Nolite
2390 3149 2558 3217 ergo
2592 3141 2984 3216 expectare,
3016 3130 3361 3197 florentini
3391 3131 3598 3212 cives,
3634 3153 3768 3219 que
3797 3133 3990 3201 Deus
4020 3147 4261 3201 contra
4288 3147 4594 3202 vestram
4805 3198 4806 3227 ἶ

882 3245 1304 3313 voluntatem
1349 3239 1730 3327 provideat,
1777 3238 1905 3304 sed
1948 3237 2199 3304 offerte
2249 3249 2319 3302 et
2364 3236 2636 3303 reddite
2681 3235 2883 3316 ultro,
2930 3256 3066 3324 que
3110 3250 3345 3304 nostra
3389 3251 3565 3319 sunt,
3610 3251 3686 3306 ut
3729 3239 3786 3305 si
3832 3240 4111 3328 quidam
4158 3242 4370 3309 vestri
4402 3242 4595 3309 cives
4637 3241 4711 3306 25

883 3352 956 3419 in
999 3372 1127 3417 nos
1171 3348 1520 3436 quondam
1566 3345 1869 3412 iniuriosi
1929 3344 2229 3422 fuerunt,
2276 3342 2459 3442 bene
2506 3355 2740 3410 tamen
2782 3342 3158 3410 institutam
3217 3343 3479 3411 habere
3537 3346 4037 3433 rempublicam
4082 3349 4590 3416 demonstretis.

883 3456 1081 3525 Nihil.
1097 3468 1203 3524 est
1231 3454 1412 3522 enim
1443 3453 1661 3541 magis
1689 3450 1870 3519 bene
1904 3450 2203 3517 institute
2233 3447 2615 3536 reipublice
2649 3461 3207 3531 consentaneum,
3240 3471 3445 3537 quam
3478 3451 3800 3518 iustitiam
3827 3474 4139 3533 servare3
4171 3453 4342 3521 nihil
4375 3456 4600 3544 magis
4654 3492 4660 3501 ·

884 3577 988 3634 est
1036 3573 1575 3630 consentaneum
1605 3558 1875 3638 iustitie,
1907 3579 2111 3645 quam
2141 3578 2339 3623 suum
2366 3557 2535 3623 dare
2570 3556 2858 3644 cuique3
2892 3557 3060 3623 dare
3091 3577 3297 3624 nemo
3326 3558 3502 3625 iuste
3547 3571 3796 3646 potest,
3844 3560 3971 3627 nisi
4019 3562 4140 3629 det
4182 3561 4593 3631 voluntarie.

885 3671 1222 3739 Voluntas
1265 3668 1471 3757 igitur
1514 3678 1742 3733 vestra
1786 3666 1890 3743 sit,
1937 3683 2074 3756 que
2119 3674 2347 3730 vestre
2389 3661 2773 3750 reipublice
2822 3662 3224 3751 dignitatem
3286 3665 3574 3734 decoret
3619 3679 3690 3734 et
3741 3665 3940 3733 nobis
3984 3679 4219 3734 nostra
4259 3670 4596 3737 restituat.

885 3778 1041 3845 Duo
1072 3776 1303 3843 adhuc
1331 3774 1734 3841 Pisanorum
1766 3770 2051 3838 castella
2079 3770 2151 3834 in
2180 3769 2424 3836 vestris
2452 3767 2766 3835 manibus
2792 3781 3072 3851 restant,
3101 3770 3292 3857 Ripa
3321 3772 3588 3838 scilicet
3630 3772 3884 3840 Fracta
3915 3784 3986 3840 et
4031 3773 4387 3842 castellum
4421 3775 4601 3843 San·
4640 3778 4713 3843 30
4805 3789 4806 3810 l

890 3881 1034 3951 cte'
1077 3882 1325 3962 Marie,
1357 3902 1513 3968 que,
1547 3900 1751 3968 quam
1782 3899 2034 3966 equum
2065 3878 2151 3944 sit
2196 3874 2394 3946 nobis
2425 3877 2745 3957 reddere,
2782 3888 3042 3943 certum
3088 3877 3260 3943 facit
3303 3877 3623 3964 iniquitas
3665 3880 4029 3947 retinendi.
4122 3882 4381 3948 Nostra
4428 3904 4600 3972 ergo

1048 4185 1095 4222 r.
1133 4166 1476 4236 priusquam]
1520 4168 1578 4221 V.
1594 4169 1662 4218 P.
1686 4166 1975 4232 plusquam
2002 4191 2026 4203 -
2051 4162 2368 4231 quiequam]
2411 4161 2471 4215 V.
2488 4165 2558 4215 P.
2587 4178 2768 4228 omnm
2794 4166 2866 4216 R.
2892 4163 3186 4232 quidquam
3212 4191 3235 4203 ·
3259 4164 3501 4232 ferrent]
3531 4168 3590 4220 S.
3617 4166 3838 4218 ferrent
3875 4173 4111 4220 corr-etto
4145 4170 4206 4219 in
4241 4168 4504 4222 facerent
4533 4199 4597 4209 -

884 4269 935 4309 2.
975 4251 1363 4320 devenissent]
1414 4254 1472 4304 V.
1511 4251 1838 4302 devenisset
1876 4276 1901 4289 ·
1935 4247 2014 4314 et]
2071 4248 2215 4300 V.P.
2250 4263 2287 4299 a
2332 4274 2400 4286 —
2439 4261 2489 4314 3.
2527 4247 2811 4314 patribus]
2863 4250 3005 4301 V.P.
3044 4248 3298 4317 partibus
3336 4276 3360 4288 ·
3396 4249 3482 4316 Si]
3520 4251 3828 4302 L’im'aeiale
3859 4250 3900 4303 S
3935 4253 3992 4302 in
4035 4250 4084 4301 C
4118 4251 4148 4302 ὲ
4181 4267 4334 4305 rossa
4371 4282 4441 4293 —
4483 4270 4598 4323 3·4.

885 4340 1149 4392 contenti
1187 4335 1413 4404 opibus]
1457 4338 1533 4389 R.
1555 4335 1766 4402 opibus
1800 4334 2065 4384 contenti
2099 4360 2167 4371 —
2204 4348 2254 4398 4.
2280 4331 2774 4398 quemadmodum]
2827 4332 2883 4385 V.
2921 4334 3356 4399 quemamodum
3392 4361 3417 4374 -
3453 4335 3716 4386 contenti
3753 4333 3909 4400 sunt]
3963 4336 4023 4388 V.
4055 4339 4195 4388 sunt
4229 4341 4496 4391 contenti
4531 4369 4598 4380 —

889 4433 940 4489 ς.
974 4418 1553 4490 quantulumcunque]
1594 4420 1668 4469 R.
1694 4418 1778 4468 M.
1816 4416 2381 4483 quantulumcumque
2432 4444 2497 4454 —
2538 4424 2588 4479 7.
2626 4414 2714 4481 ac]
2755 4417 2830 4467 R.
2856 4417 2940 4467 M.
2974 4418 3031 4467 et
3066 4443 3090 4456 -
3128 4416 3349 4484 iudicii]
3390 4419 3449 4471 S.
3489 4418 3689 4470 iuditii
3725 4447 3792 4458 -
3840 4431 3922 4471 10.
3972 4420 4313 4489 proximior]
4354 4422 4415 4473 S.
4455 4427 4600 4477 vici-

787 4517 815 4572 5
880 4510 1014 4559 nior
1050 4533 1073 4545 ·
1110 4503 1327 4570 tamen]
1381 4504 1442 4556 S.
1490 4504 1647 4555 enim
1681 4528 1748 4539 —
1794 4515 1877 4551 11.
1917 4499 1999 4566 et]
2039 4501 2217 4551 RH.
2254 4514 2285 4551 e
2322 4524 2346 4539 -
2382 4498 2595 4568 spatio]
2644 4500 2710 4551 0.
2746 4502 2937 4567 spacio
2989 4528 3013 4540 ·
3060 4500 3291 4568 finibus]
3332 4503 3397 4553 0.
3436 4518 3584 4553 onem.
3624 4530 3689 4541 —
3736 4517 3819 4554 12.
3870 4502 3954 4570 et]
3994 4505 4174 4556 Ru.
4210 4521 4364 4562 omn.
4405 4535 4474 4546 -
4518 4525 4597 4576 14.

885 4587 1203 4655 cernamus]
1246 4587 1367 4640 Cori
1405 4590 1486 4650 0.,
1525 4589 1588 4649 l„
1626 4587 1697 4637 L.
1710 4601 1730 4637 .·
1753 4584 1837 4636 l’n
1860 4587 1921 4636 iu
1962 4587 2021 4636 C.
2061 4580 2091 4634 ἃ
2123 4600 2186 4634 su
2221 4585 2392 4635 litura
2429 4600 2459 4633 e
2491 4584 2776 4649 apparisce
2822 4584 2876 4634 d'
2889 4586 3174 4638 innostro
3209 4587 3422 4638 diverso
3435 4602 3455 4638 .·
3503 4589 3561 4637 in
3604 4588 3817 4654 orig-iu
3836 4588 4001 4656 forse
4036 4589 4088 4638 il
4116 4590 4388 4642 Palation·
4421 4609 4601 4645 aveva

881 4676 1069 4728 scn‘tto
1104 4676 1379 4725 certamus
1418 4672 1669 4739 (portato
1705 4670 1781 4719 da
1817 4668 1884 4720 0.
1917 4670 1974 4720 V.
1992 4671 2058 4718 P.
2064 4703 2081 4730 ,
2119 4675 2354 4720 corratio
2389 4670 2448 4717 in
2485 4670 2761 4720 certemus
2798 4669 2855 4718 in
2893 4671 2968 4722 R.
2987 4672 3070 4721 Μ.
3093 4669 3194 4736 8.),
3210 4672 3312 4735 poi
3333 4679 3441 4737 per
3477 4672 3691 4723 evitare
3724 4670 3957 4723 l’errore
3980 4673 4042 4724 da·
4076 4691 4146 4724 nn
4180 4674 4482 4728 indicativo
4517 4678 4601 4728 dx·-

874 4760 1141 4824 pendente
1178 4757 1252 4808 da
1284 4759 1353 4808 ut
1387 4772 1482 4808 con
1518 4771 1623 4806 usa
1658 4755 1877 4806 mim'ma
1911 4754 2235 4804 alternam
2282 4752 2342 4803 di
2379 4754 2565 4803 lettere
2600 4754 2653 4803 lo
2698 4750 2842 4803 matt)
2874 4755 2932 4803 in
2967 4767 3263 4806 cernamus
3299 4782 3367 4794 —
3412 4754 3493 4806 16.
3534 4753 3796 4821 dictioni]
3851 4757 3889 4808 I.
3914 4757 3981 4807 L.
4006 4756 4074 4810 P.
4101 4758 4175 4809 R.
4202 4759 4286 4809 M.
4323 4759 4540 4812 ditioni
4574 4787 4599 4800 ·

883 4840 1153 4908 subicere]
1192 4842 1266 4892 R.
1288 4843 1372 4892 M.
1409 4839 1684 4908 subiJeere
1723 4865 1748 4878 -
1782 4834 2140 4904 quesivistis]
2178 4839 2252 4887 R.
2279 4837 2605 4904 quaesijstis
2657 4864 2722 4873 —
2752 4846 2834 4900 17.
2873 4837 3065 4888 cordis
3100 4834 3305 4903 mente]
3346 4838 3415 4889 L.
3441 4838 3800 4907 cordialiter:
3828 4841 4247 4905 probabilmme
4281 4851 4467 4908 questa
4504 4860 4600 4896 era

769 4940 835 4978 ιο
894 4929 952 4978 Ia
991 4926 1189 4977 lesione
1221 4924 1535 4990 originaria
1569 4929 1776 4974 mutata
1799 4921 1907 4987 poi
1937 4920 2038 4970 dal
2068 4921 2362 4984 Palatini,-
2409 4920 2605 4988 infatti
2646 4921 2705 4970 in
2747 4922 2806 4973 C.
2843 4922 2913 4972 od
2941 4923 2999 4971 in
3035 4924 3074 4974 I.
3112 4924 3299 4973 mente
3346 4921 3376 4971 ὸ
3423 4924 3612 4974 scn‘tto
3659 4939 3722 4973 su
3770 4925 3941 4976 litura
3950 4940 3974 4988 ‚·
4019 4926 4080 4976 in
4114 4927 4152 4975 I.
4204 4928 4261 4976 Ia
4295 4930 4598 4980 corretion

883 5012 1090 5064 sembra
1125 5012 1378 5076 alquanto
1403 5009 1707 5074 posteriore
1741 5033 1807 5045 —
1850 5007 2028 5071 17·18.
2055 5006 2178 5056 sine
2212 5006 2356 5059 ulla.
2374 5040 2388 5057 .
2403 5040 2418 5057 .
2433 5040 2446 5056 .
2484 5002 2868 5070 condolemus]
2908 5007 2967 5060 S.
3004 5008 3060 5057 ὸι
3094 5009 3301 5074 seg-uilo
3341 5025 3376 5057 a
3415 5021 3520 5058 una
3556 5008 3907 5059 trascritione
3940 5025 3969 5058 e
4002 5027 4108 5063 nna
4146 5013 4454 5063 corretion
4484 5015 4602 5065 sba-

880 5096 1071 5162 gliata
1107 5094 1177 5146 ka
1211 5092 1337 5148 sine
1372 5105 1543 5146 causa
1576 5090 1793 5143 factum
1828 5104 1951 5143 esse
1986 5090 2235 5141 dolemus
2271 5116 2295 5128 ·
2329 5088 2542 5141 factum
2580 5102 2701 5140 esse
2748 5089 2944 5156 eausa]
2997 5091 3061 5142 0.
3100 5090 3318 5144 {achim
3352 5105 3520 5143 causa
3554 5106 3700 5156 esse3
3734 5093 3802 5143 P.
3839 5108 3988 5145 om.
4028 5106 4176 5159 esse-3
4212 5096 4296 5146 M
4317 5096 4392 5146 R.
4431 5110 4599 5148 eausa

886 5179 1094 5232 factum
1131 5193 1251 5232 esse
1286 5204 1354 5217 --
1395 5191 1481 5230 20.
1521 5175 1734 5242 nostre]
1771 5177 1840 5228 L.
1878 5178 2036 5232 tante
2075 5204 2141 5212 —
2181 5188 2265 5225 21.
2304 5174 2459 5241 ense]
2509 5172 2567 5226 V.
2603 5189 2794 5227 ensem
2832 5202 2900 5213 —
2929 5188 3014 5225 22.
3041 5174 3247 5242 Iustus]
3287 5177 3344 5228 V.
3371 5177 3588 5227 Austus
3613 5204 3680 5215 -
3710 5191 3794 5243 24.
3818 5177 3977 5245 ergo]
4006 5176 4090 5228 Μ.
4111 5180 4186 5229 R.
4211 5177 4395 5244 Igitur
4420 5205 4446 5218 -
4471 5179 4597 5248 que]

890 5264 955 5316 0.
993 5278 1185 5331 quam3
1228 5264 1286 5315 S.
1309 5264 1485 5314 Rau.
1523 5261 1672 5329 quod
1710 5287 1778 5299 —
1816 5271 1899 5325 25.
1930 5258 2104 5324 ultro]
2145 5258 2201 5310 V.
2225 5261 2401 5310 ΚΜ
2439 5259 2586 5310 ultra
2623 5286 2647 5297 -
2685 5258 2906 5324 nostra]
2963 5260 3020 5311 V.
3061 5275 3208 5310 onum.
3246 5287 3269 5298 -
3307 5259 3507 5326 vestri]
3562 5262 3617 5311 V.
3658 5276 3807 5312 omm.
3846 5288 3913 5298 —
3952 5261 4036 5313 26.
4073 5260 4329 5328 fuerunt]
4369 5263 4439 5314 O.
4478 5263 4597 5316 fue·

773 5360 835 5414 15
896 5349 1020 5399 rint
1056 5374 1080 5386 ·
1114 5346 1341 5413 habere]
1379 5348 1449 5399 L.
1486 5362 1632 5398 ouem.
1669 5372 1736 5383 —-
1776 5354 1860 5409 27.
1898 5344 2082 5410 Nihil]
2120 5347 2158 5396 l.
2198 5344 2425 5396 nichil·
2450 5347 2534 5396 est
2571 5346 2723 5394 enim
2759 5344 2962 5411 magis]
3015 5346 3074 5396 S.
3111 5346 3263 5397 enim
3302 5345 3484 5412 magis
3530 5347 3613 5396 est
3651 5373 3716 5383 —
3756 5347 3936 5409 27-28.
3975 5345 4124 5398 nihil
4172 5348 4356 5413 magis
4392 5351 4596 5400 est....

889 5433 1021 5484 dare
1056 5430 1274 5498 cuique]
1329 5432 1384 5483 V.
1411 5430 1558 5481 nihil
1590 5432 1677 5480 est
1711 5434 2148 5482 consentaneum
2171 5444 2338 5496 quam
2363 5428 2641 5480 iustitiam
2664 5442 2887 5490 servare
2925 5429 3056 5481 dare
3090 5432 3318 5496 culque3
3355 5431 3422 5482 P.
3450 5429 3597 5479 nihil
3632 5432 3719 5480 est
3741 5431 3924 5497 magis
3956 5433 4399 5482 consentaneum
4437 5432 4602 5483 iusti·

887 5515 1029 5568 tiam
1069 5529 1309 5578 servare,
1343 5530 1510 5582 quam
1558 5515 1690 5566 dare
1726 5513 1942 5581 cuique,
1989 5514 2146 5581 quod
2182 5527 2339 5564 suum
2363 5517 2449 5565 est
2484 5538 2509 5551 ·
2546 5510 2720 5576 nihil]
2772 5514 2808 5562 l.
2847 5513 3031 5565 nichil
3070 5540 3095 5553 ·
3133 5512 3316 5579 magis
3351 5511 3460 5578 est]
3501 5516 3585 5563 M
3610 5516 3700 5565 est
3733 5513 3914 5580 magis
3948 5541 4018 5553 -—
4057 5526 4141 5582 29.
4179 5514 4510 5583 reipublice]
4543 5518 4602 5567 ἑο

896 5602 954 5653 C.
990 5619 1053 5654 su
1101 5601 1269 5654 litura
1307 5627 1331 5640 ·
1368 5597 1613 5665 decoret]
1656 5601 1728 5651 R.
1750 5603 1833 5651 M.
1871 5616 2021 5652 oman.
2060 5626 2084 5638 ·
2123 5597 2416 5663 ressstuat]
2453 5600 2511 5650 is
2554 5600 2612 5651 C.
2660 5615 2721 5649 su
2757 5600 2928 5651 litura
2971 5626 3037 5637 --
3076 5612 3161 5665 30.
3202 5598 3358 5664 Duo]
3398 5600 3482 5650 M.
3520 5601 3670 5650 Dum
3705 5624 3730 5639 ·
3762 5596 3938 5667 Ripa]
3990 5600 4046 5652 V.
4084 5599 4261 5665 Ripsa
4296 5624 4322 5638 ·
4361 5599 4596 5666 scilicet]

893 5687 962 5737 L.
999 5686 1175 5755 igitur
1212 5714 1278 5725 —
1320 5698 1406 5751 31.
1444 5685 1603 5752 ergo]
1643 5686 1819 5737 R.M.
1858 5683 2040 5751 igitur
3242 5684 3253 5695 ’

1078 5861 1097 5899 ¹
1134 5864 1181 5917 11
1223 5874 1287 5931 17
1324 5865 1624 5918 settembre
1658 5864 1723 5916 fu
1763 5864 2019 5916 stabilito
2058 5863 2118 5913 di
2143 5865 2445 5916 concedere
2469 5863 2703 5916 udienza
2808 5863 3019 5916 turono
3049 5864 3290 5936 ricevuti
3313 5863 3356 5915 il
3386 5865 3467 5929 18,
3493 5879 3553 5916 se
3578 5863 3621 5916 il
3652 5878 3720 5931 19
3742 5866 3766 5916 i
3789 5864 4114 5918 morentini
4137 5879 4254 5918 non
4282 5864 4606 5918 soddisfsttl

894 5950 952 6004 ai
991 5950 1188 6003 Pisani
1229 5949 1507 6017 (consulte
1538 5950 1655 6016 cit„
1694 5965 1743 6001 c.
1789 5947 1928 6016 171).
2004 5948 2210 6010 Questi
2251 5947 2704 6015 probabilmente
2808 5949 2947 6001 delle
2981 5948 3106 5998 loro
3132 5949 3340 6014 parole,
3366 5949 3781 6002 consultanno
3807 5949 3891 6002 sul
3918 5948 3992 6001 da
4017 5949 4157 6001 farsi
4185 5949 4356 6016 (iba,
4383 5965 4434 6002 c.
4471 5949 4600 6014 172).
