<?xml version="1.0" encoding="UTF-8"?>
<!DOCTYPE html PUBLIC "-//W3C//DTD XHTML 1.0 Transitional//EN"
    "http://www.w3.org/TR/xhtml1/DTD/xhtml1-transitional.dtd">
<html xmlns="http://www.w3.org/1999/xhtml" xml:lang="en" lang="en">
 <head>
  <title>
</title>
<meta http-equiv="Content-Type" content="text/html;charset=utf-8" />
  <meta name='ocr-system' content='tesseract 3.04.00' />
  <meta name='ocr-capabilities' content='ocr_page ocr_carea ocr_par ocr_line ocrx_word'/>
</head>
<body>
  <div class='ocr_page' id='page_1' title='image "./decaptivitatepi00scargoog_0053.png"; bbox 0 0 4823 7100; ppageno 0'>
   <div class='ocr_carea' id='block_1_1' title="bbox 1150 466 3910 548">
    <p class='ocr_par' dir='ltr' id='par_1_1' title="bbox 1150 466 3910 548">
     <span class='ocr_line' id='line_1_1' title="bbox 1150 466 3910 548; baseline -0.002 -1"><span class='ocrx_word' id='word_1_1' title='bbox 1150 468 1294 547; x_wconf 93' lang='lat' dir='ltr'>DE</span> <span class='ocrx_word' id='word_1_2' title='bbox 1351 472 2064 548; x_wconf 90' lang='lat' dir='ltr'>CAPTIVITATE</span> <span class='ocrx_word' id='word_1_3' title='bbox 2114 466 2599 548; x_wconf 88' lang='lat' dir='ltr'>PISARUM</span> <span class='ocrx_word' id='word_1_4' title='bbox 2651 470 2967 545; x_wconf 81' lang='lat' dir='ltr'><strong>LIBER</strong></span> <span class='ocrx_word' id='word_1_5' title='bbox 3828 468 3910 541; x_wconf 95' lang='lat' dir='ltr'>ll</span> 
     </span>
    </p>
   </div>
   <div class='ocr_carea' id='block_1_2' title="bbox 2719 625 3918 637">
    <p class='ocr_par' dir='ltr' id='par_1_2' title="bbox 2719 625 3918 637">
     <span class='ocr_line' id='line_1_2' title="bbox 2719 625 3918 637; baseline -0.003 1"><span class='ocrx_word' id='word_1_6' title='bbox 2719 628 3050 637; x_wconf 54' lang='lat' dir='ltr'>“wm-</span> <span class='ocrx_word' id='word_1_7' title='bbox 3065 628 3120 635; x_wconf 59' lang='lat' dir='ltr'>-an</span> <span class='ocrx_word' id='word_1_8' title='bbox 3135 628 3154 634; x_wconf 84' lang='lat'><strong><em>..</em></strong></span> <span class='ocrx_word' id='word_1_9' title='bbox 3171 625 3918 636; x_wconf 52' lang='lat' dir='ltr'>.W—fflfflfflm-o--—-</span> 
     </span>
    </p>
   </div>
   <div class='ocr_carea' id='block_1_3' title="bbox 898 631 1323 639">
    <p class='ocr_par' dir='ltr' id='par_1_3' title="bbox 898 631 1323 639">
     <span class='ocr_line' id='line_1_3' title="bbox 898 631 1323 639; baseline 0 6461"><span class='ocrx_word' id='word_1_10' title='bbox 898 631 1323 639; x_wconf 95' lang='lat' dir='ltr'> </span> 
     </span>
    </p>
   </div>
   <div class='ocr_carea' id='block_1_4' title="bbox 256 631 893 645">
    <p class='ocr_par' dir='ltr' id='par_1_4' title="bbox 256 631 893 645">
     <span class='ocr_line' id='line_1_4' title="bbox 256 631 893 645; baseline 0 -4"><span class='ocrx_word' id='word_1_11' title='bbox 256 631 607 645; x_wconf 56' lang='lat' dir='ltr'>Wa—</span> <span class='ocrx_word' id='word_1_12' title='bbox 616 632 893 640; x_wconf 64' lang='grc' dir='ltr'>-ι--ο-ι--ι--ιοο-ο</span> 
     </span>
    </p>
   </div>
   <div class='ocr_carea' id='block_1_5' title="bbox 130 734 4325 2735">
    <p class='ocr_par' dir='ltr' id='par_1_5' title="bbox 130 734 4325 2735">
     <span class='ocr_line' id='line_1_5' title="bbox 398 734 3921 841; baseline -0.002 -34"><span class='ocrx_word' id='word_1_13' title='bbox 398 739 623 807; x_wconf 88' lang='lat' dir='ltr'>Pisani</span> <span class='ocrx_word' id='word_1_14' title='bbox 654 760 775 806; x_wconf 90' lang='lat' dir='ltr'>sue</span> <span class='ocrx_word' id='word_1_15' title='bbox 804 738 991 806; x_wconf 86' lang='lat' dir='ltr'>urbis</span> <span class='ocrx_word' id='word_1_16' title='bbox 1020 737 1488 807; x_wconf 86' lang='lat' dir='ltr'>venditionem</span> <span class='ocrx_word' id='word_1_17' title='bbox 1521 737 1951 841; x_wconf 38' lang='lat' dir='ltr'>egro‘animo</span> <span class='ocrx_word' id='word_1_18' title='bbox 1980 738 2262 827; x_wconf 84' lang='lat' dir='ltr'><strong>indigne</strong></span> <span class='ocrx_word' id='word_1_19' title='bbox 2295 739 2620 817; x_wconf 85' lang='lat' dir='ltr'>ferentes,</span> <span class='ocrx_word' id='word_1_20' title='bbox 2652 736 2878 804; x_wconf 87' lang='lat' dir='ltr'>statim</span> <span class='ocrx_word' id='word_1_21' title='bbox 2902 755 2977 803; x_wconf 91' lang='lat' dir='ltr'>se</span> <span class='ocrx_word' id='word_1_22' title='bbox 3005 736 3097 803; x_wconf 89' lang='lat' dir='ltr'>ad</span> <span class='ocrx_word' id='word_1_23' title='bbox 3123 734 3664 825; x_wconf 87' lang='lat' dir='ltr'>oppugnandum</span> <span class='ocrx_word' id='word_1_24' title='bbox 3687 754 3921 801; x_wconf 90' lang='lat' dir='ltr'>arcem</span> 
     </span>
     <span class='ocr_line' id='line_1_6' title="bbox 242 841 3922 935; baseline -0.002 -21"><span class='ocrx_word' id='word_1_25' title='bbox 242 857 610 935; x_wconf 84' lang='lat' dir='ltr'>preparant,</span> <span class='ocrx_word' id='word_1_26' title='bbox 656 844 842 912; x_wconf 88' lang='lat' dir='ltr'>vallo</span> <span class='ocrx_word' id='word_1_27' title='bbox 887 846 1211 932; x_wconf 85' lang='lat' dir='ltr'>fossaque</span> <span class='ocrx_word' id='word_1_28' title='bbox 1259 857 1328 912; x_wconf 89' lang='lat' dir='ltr'>et</span> <span class='ocrx_word' id='word_1_29' title='bbox 1374 845 1860 913; x_wconf 81' lang='lat' dir='ltr'>citcumductis</span> <span class='ocrx_word' id='word_1_30' title='bbox 1903 844 2409 931; x_wconf 79' lang='lat' dir='ltr'>impedimentis</span> <span class='ocrx_word' id='word_1_31' title='bbox 2452 843 2639 910; x_wconf 89' lang='lat' dir='ltr'>illam</span> <span class='ocrx_word' id='word_1_32' title='bbox 2681 842 2873 930; x_wconf 84' lang='lat' dir='ltr'>prius</span> <span class='ocrx_word' id='word_1_33' title='bbox 2904 843 3222 921; x_wconf 87' lang='lat' dir='ltr'>cinctam,</span> <span class='ocrx_word' id='word_1_34' title='bbox 3253 853 3461 909; x_wconf 90' lang='lat' dir='ltr'>nocte</span> <span class='ocrx_word' id='word_1_35' title='bbox 3491 841 3744 927; x_wconf 91' lang='lat' dir='ltr'>dieque</span> <span class='ocrx_word' id='word_1_36' title='bbox 3775 862 3922 907; x_wconf 90' lang='lat' dir='ltr'>ma-</span> 
     </span>
     <span class='ocr_line' id='line_1_7' title="bbox 243 947 3921 1039; baseline -0.002 -19"><span class='ocrx_word' id='word_1_37' title='bbox 243 953 442 1020; x_wconf 88' lang='lat' dir='ltr'>chinis</span> <span class='ocrx_word' id='word_1_38' title='bbox 483 950 681 1018; x_wconf 86' lang='lat' dir='ltr'>iactis</span> <span class='ocrx_word' id='word_1_39' title='bbox 726 951 1092 1039; x_wconf 79' lang='lat' dir='ltr'>lapidibus,</span> <span class='ocrx_word' id='word_1_40' title='bbox 1136 951 1550 1037; x_wconf 89' lang='lat' dir='ltr'>percutiunt.</span> <span class='ocrx_word' id='word_1_41' title='bbox 1646 948 1791 1028; x_wconf 85' lang='lat' dir='ltr'>Qui</span> <span class='ocrx_word' id='word_1_42' title='bbox 1833 949 2080 1016; x_wconf 89' lang='lat' dir='ltr'>inclusi</span> <span class='ocrx_word' id='word_1_43' title='bbox 2126 963 2342 1028; x_wconf 91' lang='lat' dir='ltr'>erant,</span> <span class='ocrx_word' id='word_1_44' title='bbox 2389 949 2703 1016; x_wconf 88' lang='lat' dir='ltr'>homines</span> <span class='ocrx_word' id='word_1_45' title='bbox 2755 968 2843 1014; x_wconf 85' lang='lat' dir='ltr'>ex</span> <span class='ocrx_word' id='word_1_46' title='bbox 2901 966 3070 1037; x_wconf 87' lang='lat' dir='ltr'>agro</span> <span class='ocrx_word' id='word_1_47' title='bbox 3094 947 3551 1015; x_wconf 72' lang='lat' dir='ltr'>›tumulmarie</span> <span class='ocrx_word' id='word_1_48' title='bbox 3599 947 3804 1016; x_wconf 84' lang='lat' dir='ltr'>acciti</span> <span class='ocrx_word' id='word_1_49' title='bbox 3850 959 3921 1016; x_wconf 90' lang='lat' dir='ltr'>et</span> 
     </span>
     <span class='ocr_line' id='line_1_8' title="bbox 240 1052 3921 1146; baseline -0.002 -19"><span class='ocrx_word' id='word_1_50' title='bbox 240 1059 552 1127; x_wconf 90' lang='lat' dir='ltr'>bellorum</span> <span class='ocrx_word' id='word_1_51' title='bbox 582 1057 829 1146; x_wconf 88' lang='lat' dir='ltr'>ignari,</span> <span class='ocrx_word' id='word_1_52' title='bbox 861 1057 1074 1125; x_wconf 87' lang='lat' dir='ltr'>celeri</span> <span class='ocrx_word' id='word_1_53' title='bbox 1106 1056 1590 1143; x_wconf 67' lang='lat' dir='ltr'>desperatione</span> <span class='ocrx_word' id='word_1_54' title='bbox 1616 1078 1847 1123; x_wconf 90' lang='lat' dir='ltr'>rerum</span> <span class='ocrx_word' id='word_1_55' title='bbox 1877 1055 2008 1122; x_wconf 91' lang='lat' dir='ltr'>sibi</span> <span class='ocrx_word' id='word_1_56' title='bbox 2036 1055 2202 1141; x_wconf 92' lang='lat' dir='ltr'>ipsis</span> <span class='ocrx_word' id='word_1_57' title='bbox 2233 1055 2551 1122; x_wconf 87' lang='lat' dir='ltr'>diffidunt</span> <span class='ocrx_word' id='word_1_58' title='bbox 2582 1066 2652 1121; x_wconf 90' lang='lat' dir='ltr'>et</span> <span class='ocrx_word' id='word_1_59' title='bbox 2680 1052 2965 1122; x_wconf 90' lang='lat' dir='ltr'>crebros</span> <span class='ocrx_word' id='word_1_60' title='bbox 2995 1055 3172 1121; x_wconf 86' lang='lat' dir='ltr'>ictus</span> <span class='ocrx_word' id='word_1_61' title='bbox 3202 1053 3602 1121; x_wconf 84' lang='lat' dir='ltr'>formidant.</span> <span class='ocrx_word' id='word_1_62' title='bbox 3678 1053 3921 1121; x_wconf 89' lang='lat' dir='ltr'>Murus</span> 
     </span>
     <span class='ocr_line' id='line_1_9' title="bbox 172 1159 3920 1253; baseline -0.002 -19"><span class='ocrx_word' id='word_1_63' title='bbox 172 1166 203 1234; x_wconf 88' lang='grc'>5</span> <span class='ocrx_word' id='word_1_64' title='bbox 239 1165 405 1231; x_wconf 88' lang='lat' dir='ltr'>urbis</span> <span class='ocrx_word' id='word_1_65' title='bbox 448 1164 596 1231; x_wconf 90' lang='lat' dir='ltr'>arci</span> <span class='ocrx_word' id='word_1_66' title='bbox 636 1164 911 1231; x_wconf 90' lang='lat' dir='ltr'>iunctus</span> <span class='ocrx_word' id='word_1_67' title='bbox 954 1162 1281 1253; x_wconf 86' lang='lat' dir='ltr'>angulum</span> <span class='ocrx_word' id='word_1_68' title='bbox 1327 1161 1657 1242; x_wconf 79' lang='lat' dir='ltr'>faciebat,</span> <span class='ocrx_word' id='word_1_69' title='bbox 1702 1181 1841 1250; x_wconf 94' lang='lat' dir='ltr'>quo</span> <span class='ocrx_word' id='word_1_70' title='bbox 1885 1162 1959 1228; x_wconf 95' lang='lat' dir='ltr'>in</span> <span class='ocrx_word' id='word_1_71' title='bbox 2001 1163 2164 1228; x_wconf 92' lang='lat' dir='ltr'>loco</span> <span class='ocrx_word' id='word_1_72' title='bbox 2211 1161 2574 1229; x_wconf 83' lang='lat' dir='ltr'>coniectus</span> <span class='ocrx_word' id='word_1_73' title='bbox 2620 1180 2823 1228; x_wconf 87' lang='lat' dir='ltr'>arcus</span> <span class='ocrx_word' id='word_1_74' title='bbox 2865 1160 3195 1227; x_wconf 86' lang='lat' dir='ltr'>adversos</span> <span class='ocrx_word' id='word_1_75' title='bbox 3222 1160 3519 1246; x_wconf 88' lang='lat' dir='ltr'>parietes</span> <span class='ocrx_word' id='word_1_76' title='bbox 3561 1159 3890 1248; x_wconf 90' lang='lat' dir='ltr'>iungebat</span> <span class='ocrx_word' id='word_1_77' title='bbox 3900 1186 3920 1239; x_wconf 84' lang='lat'><em>3</em></span> 
     </span>
     <span class='ocr_line' id='line_1_10' title="bbox 240 1265 3917 1359; baseline -0.002 -18"><span class='ocrx_word' id='word_1_78' title='bbox 240 1293 427 1359; x_wconf 87' lang='lat' dir='ltr'>supra</span> <span class='ocrx_word' id='word_1_79' title='bbox 469 1291 709 1337; x_wconf 89' lang='lat' dir='ltr'>arcum</span> <span class='ocrx_word' id='word_1_80' title='bbox 755 1289 1120 1357; x_wconf 87' lang='lat' dir='ltr'>murosque</span> <span class='ocrx_word' id='word_1_81' title='bbox 1165 1269 1368 1335; x_wconf 90' lang='lat' dir='ltr'>turris</span> <span class='ocrx_word' id='word_1_82' title='bbox 1413 1281 1563 1336; x_wconf 92' lang='lat' dir='ltr'>erat</span> <span class='ocrx_word' id='word_1_83' title='bbox 1605 1280 1862 1348; x_wconf 90' lang='lat' dir='ltr'>erecta,</span> <span class='ocrx_word' id='word_1_84' title='bbox 1894 1290 2029 1357; x_wconf 88' lang='lat' dir='ltr'>qne</span> <span class='ocrx_word' id='word_1_85' title='bbox 2061 1268 2387 1356; x_wconf 81' lang='lat' dir='ltr'>angulum</span> <span class='ocrx_word' id='word_1_86' title='bbox 2418 1266 2765 1355; x_wconf 88' lang='lat' dir='ltr'>quadrans</span> <span class='ocrx_word' id='word_1_87' title='bbox 2794 1266 3110 1332; x_wconf 75' lang='lat' dir='ltr'>menibus</span> <span class='ocrx_word' id='word_1_88' title='bbox 3153 1265 3333 1332; x_wconf 88' lang='lat' dir='ltr'>arcis</span> <span class='ocrx_word' id='word_1_89' title='bbox 3379 1287 3503 1332; x_wconf 87' lang='lat' dir='ltr'>sua</span> <span class='ocrx_word' id='word_1_90' title='bbox 3531 1267 3917 1334; x_wconf 85' lang='lat' dir='ltr'>summitate</span> 
     </span>
     <span class='ocr_line' id='line_1_11' title="bbox 235 1371 3921 1466; baseline -0.001 -23"><span class='ocrx_word' id='word_1_91' title='bbox 235 1374 597 1466; x_wconf 83' lang='lat' dir='ltr'>prestabat3</span> <span class='ocrx_word' id='word_1_92' title='bbox 641 1397 773 1463; x_wconf 91' lang='lat' dir='ltr'>per</span> <span class='ocrx_word' id='word_1_93' title='bbox 818 1373 1381 1453; x_wconf 88' lang='lat' dir='ltr'>deambulatoria,</span> <span class='ocrx_word' id='word_1_94' title='bbox 1429 1395 1563 1461; x_wconf 91' lang='lat' dir='ltr'>que</span> <span class='ocrx_word' id='word_1_95' title='bbox 1611 1373 2000 1441; x_wconf 88' lang='lat' dir='ltr'>circuibant</span> <span class='ocrx_word' id='word_1_96' title='bbox 2043 1374 2223 1440; x_wconf 89' lang='lat' dir='ltr'>arcis</span> <span class='ocrx_word' id='word_1_97' title='bbox 2267 1372 2519 1453; x_wconf 87' lang='lat' dir='ltr'>menia,</span> <span class='ocrx_word' id='word_1_98' title='bbox 2549 1372 2834 1459; x_wconf 89' lang='lat' dir='ltr'>patebat</span> <span class='ocrx_word' id='word_1_99' title='bbox 2861 1372 2935 1438; x_wconf 93' lang='lat' dir='ltr'>in</span> <span class='ocrx_word' id='word_1_100' title='bbox 2979 1371 3216 1437; x_wconf 91' lang='lat' dir='ltr'>turrim</span> <span class='ocrx_word' id='word_1_101' title='bbox 3247 1371 3472 1438; x_wconf 90' lang='lat' dir='ltr'>aditus</span> <span class='ocrx_word' id='word_1_102' title='bbox 3517 1383 3588 1439; x_wconf 91' lang='lat' dir='ltr'>et</span> <span class='ocrx_word' id='word_1_103' title='bbox 3631 1371 3921 1440; x_wconf 87' lang='lat' dir='ltr'>inferius</span> 
     </span>
     <span class='ocr_line' id='line_1_12' title="bbox 235 1476 3917 1572; baseline -0.001 -21"><span class='ocrx_word' id='word_1_104' title='bbox 235 1483 484 1572; x_wconf 89' lang='lat' dir='ltr'>portula</span> <span class='ocrx_word' id='word_1_105' title='bbox 530 1480 906 1549; x_wconf 87' lang='lat' dir='ltr'>claudebat</span> <span class='ocrx_word' id='word_1_106' title='bbox 949 1503 988 1547; x_wconf 91' lang='lat' dir='ltr'>e</span> <span class='ocrx_word' id='word_1_107' title='bbox 1035 1481 1207 1548; x_wconf 88' lang='lat' dir='ltr'>turri</span> <span class='ocrx_word' id='word_1_108' title='bbox 1252 1480 1510 1546; x_wconf 87' lang='lat' dir='ltr'>exitum</span> <span class='ocrx_word' id='word_1_109' title='bbox 1557 1481 1648 1546; x_wconf 92' lang='lat' dir='ltr'>ad</span> <span class='ocrx_word' id='word_1_110' title='bbox 1694 1478 2239 1547; x_wconf 86' lang='lat' dir='ltr'>deambulatoria</span> <span class='ocrx_word' id='word_1_111' title='bbox 2282 1476 2475 1546; x_wconf 89' lang='lat' dir='ltr'>urbis</span> <span class='ocrx_word' id='word_1_112' title='bbox 2532 1478 2760 1544; x_wconf 89' lang='lat' dir='ltr'>menia</span> <span class='ocrx_word' id='word_1_113' title='bbox 2803 1477 3170 1568; x_wconf 83' lang='lat' dir='ltr'>cingentia.</span> <span class='ocrx_word' id='word_1_114' title='bbox 3259 1478 3504 1544; x_wconf 88' lang='lat' dir='ltr'>Turris</span> <span class='ocrx_word' id='word_1_115' title='bbox 3550 1498 3707 1544; x_wconf 91' lang='lat' dir='ltr'>cum</span> <span class='ocrx_word' id='word_1_116' title='bbox 3752 1500 3917 1546; x_wconf 90' lang='lat' dir='ltr'>arce</span> 
     </span>
     <span class='ocr_line' id='line_1_13' title="bbox 236 1581 4246 1676; baseline -0.002 -20"><span class='ocrx_word' id='word_1_117' title='bbox 236 1587 576 1656; x_wconf 88' lang='lat' dir='ltr'>tenebatur</span> <span class='ocrx_word' id='word_1_118' title='bbox 621 1589 999 1676; x_wconf 87' lang='lat' dir='ltr'>ipsamque,</span> <span class='ocrx_word' id='word_1_119' title='bbox 1045 1586 1258 1653; x_wconf 86' lang='lat' dir='ltr'>veluti</span> <span class='ocrx_word' id='word_1_120' title='bbox 1302 1584 1781 1652; x_wconf 87' lang='lat' dir='ltr'>infirmiorem&#39;</span> <span class='ocrx_word' id='word_1_121' title='bbox 1825 1585 2008 1652; x_wconf 88' lang='lat' dir='ltr'>arcis</span> <span class='ocrx_word' id='word_1_122' title='bbox 2052 1596 2343 1673; x_wconf 90' lang='lat' dir='ltr'>partem,</span> <span class='ocrx_word' id='word_1_123' title='bbox 2375 1583 2608 1650; x_wconf 91' lang='lat' dir='ltr'>Pisani</span> <span class='ocrx_word' id='word_1_124' title='bbox 2641 1583 2903 1651; x_wconf 85' lang='lat' dir='ltr'>crebris</span> <span class='ocrx_word' id='word_1_125' title='bbox 2949 1596 3440 1650; x_wconf 91' lang='lat' dir='ltr'>tormentorum</span> <span class='ocrx_word' id='word_1_126' title='bbox 3473 1581 3726 1651; x_wconf 89' lang='lat' dir='ltr'>ictibus</span> <span class='ocrx_word' id='word_1_127' title='bbox 3753 1605 3919 1671; x_wconf 89' lang='lat' dir='ltr'>pro·</span> <span class='ocrx_word' id='word_1_128' title='bbox 4069 1617 4111 1646; x_wconf 73' lang='lat' dir='ltr'><strong><em>c.</em></strong></span> <span class='ocrx_word' id='word_1_129' title='bbox 4141 1617 4195 1648; x_wconf 73' lang='lat' dir='ltr'><em>n</em></span> <span class='ocrx_word' id='word_1_130' title='bbox 4224 1609 4246 1646; x_wconf 75' lang='lat' dir='ltr'><em>e</em></span> 
     </span>
     <span class='ocr_line' id='line_1_14' title="bbox 140 1689 3921 1783; baseline -0.002 -21"><span class='ocrx_word' id='word_1_131' title='bbox 140 1700 199 1763; x_wconf 90' lang='grc'>10</span> <span class='ocrx_word' id='word_1_132' title='bbox 235 1694 602 1783; x_wconf 78' lang='lat' dir='ltr'>pulsabant.</span> <span class='ocrx_word' id='word_1_133' title='bbox 696 1692 841 1775; x_wconf 85' lang='lat' dir='ltr'>Qui</span> <span class='ocrx_word' id='word_1_134' title='bbox 884 1692 1075 1759; x_wconf 87' lang='lat' dir='ltr'>illam</span> <span class='ocrx_word' id='word_1_135' title='bbox 1121 1689 1474 1770; x_wconf 90' lang='lat' dir='ltr'>tenebant,</span> <span class='ocrx_word' id='word_1_136' title='bbox 1520 1691 2066 1779; x_wconf 83' lang='lat' dir='ltr'>quotiescunque</span> <span class='ocrx_word' id='word_1_137' title='bbox 2127 1689 2587 1758; x_wconf 86' lang='lat' dir='ltr'>advertebant</span> <span class='ocrx_word' id='word_1_138' title='bbox 2633 1692 2706 1756; x_wconf 92' lang='lat' dir='ltr'>in</span> <span class='ocrx_word' id='word_1_139' title='bbox 2759 1711 2834 1755; x_wconf 91' lang='lat' dir='ltr'>se</span> <span class='ocrx_word' id='word_1_140' title='bbox 2897 1690 3194 1755; x_wconf 87' lang='lat' dir='ltr'>maiores</span> <span class='ocrx_word' id='word_1_141' title='bbox 3253 1689 3522 1776; x_wconf 88' lang='lat' dir='ltr'>lapides</span> <span class='ocrx_word' id='word_1_142' title='bbox 3581 1689 3921 1756; x_wconf 87' lang='lat' dir='ltr'>machinis</span> 
     </span>
     <span class='ocr_line' id='line_1_15' title="bbox 232 1794 4325 1889; baseline -0.002 -22"><span class='ocrx_word' id='word_1_143' title='bbox 232 1801 454 1889; x_wconf 91' lang='lat' dir='ltr'>proici,</span> <span class='ocrx_word' id='word_1_144' title='bbox 501 1800 750 1866; x_wconf 90' lang='lat' dir='ltr'>timore</span> <span class='ocrx_word' id='word_1_145' title='bbox 793 1798 1066 1886; x_wconf 87' lang='lat' dir='ltr'>perciti,</span> <span class='ocrx_word' id='word_1_146' title='bbox 1114 1797 1385 1865; x_wconf 88' lang='lat' dir='ltr'>turrim&#39;</span> <span class='ocrx_word' id='word_1_147' title='bbox 1433 1797 1904 1884; x_wconf 85' lang='lat' dir='ltr'>relinquentes</span> <span class='ocrx_word' id='word_1_148' title='bbox 1946 1796 2020 1862; x_wconf 91' lang='lat' dir='ltr'>in</span> <span class='ocrx_word' id='word_1_149' title='bbox 2066 1794 2245 1864; x_wconf 90' lang='lat' dir='ltr'>arcis</span> <span class='ocrx_word' id='word_1_150' title='bbox 2289 1794 2516 1862; x_wconf 90' lang='lat' dir='ltr'>menia</span> <span class='ocrx_word' id='word_1_151' title='bbox 2546 1795 2920 1862; x_wconf 87' lang='lat' dir='ltr'>currebant</span> <span class='ocrx_word' id='word_1_152' title='bbox 2967 1807 3058 1873; x_wconf 87' lang='lat' dir='ltr'>et,</span> <span class='ocrx_word' id='word_1_153' title='bbox 3105 1814 3435 1882; x_wconf 85' lang='lat' dir='ltr'>percusso</span> <span class='ocrx_word' id='word_1_154' title='bbox 3479 1796 3643 1875; x_wconf 90' lang='lat' dir='ltr'>ictu,</span> <span class='ocrx_word' id='word_1_155' title='bbox 3688 1796 3915 1863; x_wconf 88' lang='lat' dir='ltr'>statim</span> <span class='ocrx_word' id='word_1_156' title='bbox 4069 1817 4325 1866; x_wconf 67' lang='lat' dir='ltr'><strong><em>nau-..17³</em></strong></span> 
     </span>
     <span class='ocr_line' id='line_1_16' title="bbox 233 1900 3919 1990; baseline -0.001 -16"><span class='ocrx_word' id='word_1_157' title='bbox 233 1905 733 1974; x_wconf 87' lang='lat' dir='ltr'>revertebantur</span> <span class='ocrx_word' id='word_1_158' title='bbox 762 1906 833 1972; x_wconf 92' lang='lat' dir='ltr'>in</span> <span class='ocrx_word' id='word_1_159' title='bbox 865 1903 1122 1972; x_wconf 87' lang='lat' dir='ltr'>turrim.</span> <span class='ocrx_word' id='word_1_160' title='bbox 1199 1901 1450 1982; x_wconf 87' lang='lat' dir='ltr'>Pisani,</span> <span class='ocrx_word' id='word_1_161' title='bbox 1482 1903 1713 1990; x_wconf 86' lang='lat' dir='ltr'>sepius</span> <span class='ocrx_word' id='word_1_162' title='bbox 1745 1903 2070 1970; x_wconf 84' lang='lat' dir='ltr'>custodes</span> <span class='ocrx_word' id='word_1_163' title='bbox 2113 1902 2296 1968; x_wconf 92' lang='lat' dir='ltr'>idem</span> <span class='ocrx_word' id='word_1_164' title='bbox 2342 1902 2581 1968; x_wconf 84' lang='lat' dir='ltr'>facere</span> <span class='ocrx_word' id='word_1_165' title='bbox 2633 1914 3017 1981; x_wconf 87' lang='lat' dir='ltr'>cernentes,</span> <span class='ocrx_word' id='word_1_166' title='bbox 3048 1900 3358 1969; x_wconf 89' lang='lat' dir='ltr'>arbitrati</span> <span class='ocrx_word' id='word_1_167' title='bbox 3387 1916 3549 1969; x_wconf 92' lang='lat' dir='ltr'>sunt</span> <span class='ocrx_word' id='word_1_168' title='bbox 3594 1903 3776 1970; x_wconf 88' lang='lat' dir='ltr'>hanc</span> <span class='ocrx_word' id='word_1_169' title='bbox 3807 1903 3919 1969; x_wconf 87' lang='lat' dir='ltr'>fa-</span> 
     </span>
     <span class='ocr_line' id='line_1_17' title="bbox 231 2006 3922 2097; baseline -0.002 -16"><span class='ocrx_word' id='word_1_170' title='bbox 231 2013 413 2081; x_wconf 89' lang='lat' dir='ltr'>cilem</span> <span class='ocrx_word' id='word_1_171' title='bbox 458 2033 611 2079; x_wconf 89' lang='lat' dir='ltr'>esse</span> <span class='ocrx_word' id='word_1_172' title='bbox 656 2011 838 2077; x_wconf 87' lang='lat' dir='ltr'>arcis</span> <span class='ocrx_word' id='word_1_173' title='bbox 882 2009 1342 2097; x_wconf 87' lang='lat' dir='ltr'>ingrediende</span> <span class='ocrx_word' id='word_1_174' title='bbox 1385 2008 2002 2096; x_wconf 85' lang='lat' dir='ltr'>recuperandeque</span> <span class='ocrx_word' id='word_1_175' title='bbox 2037 2007 2240 2075; x_wconf 84' lang='lat' dir='ltr'>viam.</span> <span class='ocrx_word' id='word_1_176' title='bbox 2333 2008 2414 2073; x_wconf 88' lang='lat' dir='ltr'>In</span> <span class='ocrx_word' id='word_1_177' title='bbox 2459 2006 2861 2074; x_wconf 82' lang='lat' dir='ltr'>inferiorem</span> <span class='ocrx_word' id='word_1_178' title='bbox 2892 2006 3106 2096; x_wconf 87' lang='lat' dir='ltr'>igitur</span> <span class='ocrx_word' id='word_1_179' title='bbox 3134 2007 3340 2074; x_wconf 87' lang='lat' dir='ltr'>turris</span> <span class='ocrx_word' id='word_1_180' title='bbox 3382 2009 3750 2095; x_wconf 90' lang='lat' dir='ltr'>portulam,</span> <span class='ocrx_word' id='word_1_181' title='bbox 3783 2030 3922 2096; x_wconf 91' lang='lat' dir='ltr'>qua</span> 
     </span>
     <span class='ocr_line' id='line_1_18' title="bbox 229 2112 3922 2204; baseline -0.001 -17"><span class='ocrx_word' id='word_1_182' title='bbox 229 2131 363 2187; x_wconf 88' lang='lat' dir='ltr'>erat</span> <span class='ocrx_word' id='word_1_183' title='bbox 403 2118 472 2183; x_wconf 91' lang='lat' dir='ltr'>in</span> <span class='ocrx_word' id='word_1_184' title='bbox 517 2117 746 2184; x_wconf 88' lang='lat' dir='ltr'>menia</span> <span class='ocrx_word' id='word_1_185' title='bbox 790 2116 978 2183; x_wconf 89' lang='lat' dir='ltr'>urbis</span> <span class='ocrx_word' id='word_1_186' title='bbox 1024 2135 1363 2204; x_wconf 88' lang='lat' dir='ltr'>egressus,</span> <span class='ocrx_word' id='word_1_187' title='bbox 1410 2113 1861 2180; x_wconf 86' lang='lat' dir='ltr'>validioribus</span> <span class='ocrx_word' id='word_1_188' title='bbox 1903 2113 2214 2202; x_wconf 89' lang='lat' dir='ltr'>pluribus</span> <span class='ocrx_word' id='word_1_189' title='bbox 2259 2112 2460 2180; x_wconf 86' lang='lat' dir='ltr'>simul</span> <span class='ocrx_word' id='word_1_190' title='bbox 2503 2112 2900 2180; x_wconf 85' lang='lat' dir='ltr'>bombardis</span> <span class='ocrx_word' id='word_1_191' title='bbox 2931 2114 3212 2194; x_wconf 87' lang='lat' dir='ltr'>onustis,</span> <span class='ocrx_word' id='word_1_192' title='bbox 3244 2115 3408 2180; x_wconf 88' lang='lat' dir='ltr'>dato</span> <span class='ocrx_word' id='word_1_193' title='bbox 3440 2115 3622 2202; x_wconf 87' lang='lat' dir='ltr'>igne,</span> <span class='ocrx_word' id='word_1_194' title='bbox 3656 2115 3922 2182; x_wconf 84' lang='lat' dir='ltr'>crebris</span> 
     </span>
     <span class='ocr_line' id='line_1_19' title="bbox 130 2217 3919 2309; baseline -0.001 -18"><span class='ocrx_word' id='word_1_195' title='bbox 130 2223 188 2291; x_wconf 86' lang='lat'>15</span> <span class='ocrx_word' id='word_1_196' title='bbox 227 2223 458 2291; x_wconf 88' lang='lat' dir='ltr'>ictibus</span> <span class='ocrx_word' id='word_1_197' title='bbox 501 2222 847 2309; x_wconf 84' lang='lat' dir='ltr'>portulam</span> <span class='ocrx_word' id='word_1_198' title='bbox 892 2221 1244 2309; x_wconf 80' lang='lat' dir='ltr'>frangunt,</span> <span class='ocrx_word' id='word_1_199' title='bbox 1292 2231 1363 2286; x_wconf 90' lang='lat' dir='ltr'>et</span> <span class='ocrx_word' id='word_1_200' title='bbox 1403 2220 1753 2307; x_wconf 87' lang='lat' dir='ltr'>preparati</span> <span class='ocrx_word' id='word_1_201' title='bbox 1798 2232 2004 2287; x_wconf 88' lang='lat' dir='ltr'>antea</span> <span class='ocrx_word' id='word_1_202' title='bbox 2046 2218 2302 2286; x_wconf 86' lang='lat' dir='ltr'>milites</span> <span class='ocrx_word' id='word_1_203' title='bbox 2353 2237 2554 2286; x_wconf 88' lang='lat' dir='ltr'>secus</span> <span class='ocrx_word' id='word_1_204' title='bbox 2597 2217 2786 2285; x_wconf 87' lang='lat' dir='ltr'>urbis</span> <span class='ocrx_word' id='word_1_205' title='bbox 2829 2218 3058 2285; x_wconf 87' lang='lat' dir='ltr'>menia</span> <span class='ocrx_word' id='word_1_206' title='bbox 3115 2238 3245 2306; x_wconf 88' lang='lat' dir='ltr'>per</span> <span class='ocrx_word' id='word_1_207' title='bbox 3304 2219 3919 2287; x_wconf 89' lang='lat' dir='ltr'>deambulatorium</span> 
     </span>
     <span class='ocr_line' id='line_1_20' title="bbox 227 2323 3919 2414; baseline -0.001 -18"><span class='ocrx_word' id='word_1_208' title='bbox 227 2329 573 2398; x_wconf 87' lang='lat' dir='ltr'>celerrime</span> <span class='ocrx_word' id='word_1_209' title='bbox 617 2329 895 2405; x_wconf 90' lang='lat' dir='ltr'>intrant,</span> <span class='ocrx_word' id='word_1_210' title='bbox 924 2326 1248 2414; x_wconf 87' lang='lat' dir='ltr'>priusque</span> <span class='ocrx_word' id='word_1_211' title='bbox 1295 2325 1535 2392; x_wconf 90' lang='lat' dir='ltr'>turrim</span> <span class='ocrx_word' id='word_1_212' title='bbox 1579 2325 1982 2403; x_wconf 88' lang='lat' dir='ltr'>ascendunt,</span> <span class='ocrx_word' id='word_1_213' title='bbox 2015 2346 2220 2413; x_wconf 89' lang='lat' dir='ltr'>quam</span> <span class='ocrx_word' id='word_1_214' title='bbox 2250 2324 2510 2391; x_wconf 89' lang='lat' dir='ltr'>timidis</span> <span class='ocrx_word' id='word_1_215' title='bbox 2541 2324 2964 2403; x_wconf 81' lang='lat' dir='ltr'>custodibus,</span> <span class='ocrx_word' id='word_1_216' title='bbox 2997 2323 3119 2413; x_wconf 92' lang='lat' dir='ltr'>qui</span> <span class='ocrx_word' id='word_1_217' title='bbox 3150 2324 3351 2392; x_wconf 87' lang='lat' dir='ltr'>solito</span> <span class='ocrx_word' id='word_1_218' title='bbox 3382 2345 3576 2392; x_wconf 91' lang='lat' dir='ltr'>more</span> <span class='ocrx_word' id='word_1_219' title='bbox 3619 2348 3749 2413; x_wconf 89' lang='lat' dir='ltr'>per</span> <span class='ocrx_word' id='word_1_220' title='bbox 3777 2347 3919 2395; x_wconf 91' lang='lat' dir='ltr'>me-</span> 
     </span>
     <span class='ocr_line' id='line_1_21' title="bbox 225 2429 3919 2522; baseline 0 -21"><span class='ocrx_word' id='word_1_221' title='bbox 225 2436 327 2501; x_wconf 88' lang='lat' dir='ltr'>nia</span> <span class='ocrx_word' id='word_1_222' title='bbox 367 2435 546 2502; x_wconf 89' lang='lat' dir='ltr'>arcis</span> <span class='ocrx_word' id='word_1_223' title='bbox 593 2435 1079 2522; x_wconf 75' lang='lat' dir='ltr'>confugerant,</span> <span class='ocrx_word' id='word_1_224' title='bbox 1111 2431 1327 2519; x_wconf 83' lang='lat' dir='ltr'>fuerit</span> <span class='ocrx_word' id='word_1_225' title='bbox 1357 2431 1700 2499; x_wconf 90' lang='lat' dir='ltr'>redeundi</span> <span class='ocrx_word' id='word_1_226' title='bbox 1733 2431 2069 2498; x_wconf 87' lang='lat' dir='ltr'>celeritas.</span> <span class='ocrx_word' id='word_1_227' title='bbox 2159 2430 2524 2498; x_wconf 77' lang='lat' dir='ltr'>Patefacto</span> <span class='ocrx_word' id='word_1_228' title='bbox 2555 2452 2686 2518; x_wconf 89' lang='lat' dir='ltr'>per</span> <span class='ocrx_word' id='word_1_229' title='bbox 2715 2431 2951 2497; x_wconf 70' lang='lat' dir='ltr'>tim-im</span> <span class='ocrx_word' id='word_1_230' title='bbox 2996 2431 3214 2511; x_wconf 84' lang='lat' dir='ltr'>aditu,</span> <span class='ocrx_word' id='word_1_231' title='bbox 3246 2429 3478 2499; x_wconf 90' lang='lat' dir='ltr'>Pisani</span> <span class='ocrx_word' id='word_1_232' title='bbox 3508 2430 3737 2500; x_wconf 87' lang='lat' dir='ltr'>subito</span> <span class='ocrx_word' id='word_1_233' title='bbox 3766 2453 3919 2501; x_wconf 87' lang='lat' dir='ltr'>sese</span> 
     </span>
     <span class='ocr_line' id='line_1_22' title="bbox 220 2537 3920 2629; baseline -0.001 -21"><span class='ocrx_word' id='word_1_234' title='bbox 220 2564 336 2629; x_wconf 90' lang='lat' dir='ltr'>per</span> <span class='ocrx_word' id='word_1_235' title='bbox 377 2541 561 2608; x_wconf 88' lang='lat' dir='ltr'>arcis</span> <span class='ocrx_word' id='word_1_236' title='bbox 606 2539 837 2607; x_wconf 91' lang='lat' dir='ltr'>menia</span> <span class='ocrx_word' id='word_1_237' title='bbox 880 2540 1134 2627; x_wconf 87' lang='lat' dir='ltr'>passim</span> <span class='ocrx_word' id='word_1_238' title='bbox 1166 2550 1238 2605; x_wconf 92' lang='lat' dir='ltr'>et</span> <span class='ocrx_word' id='word_1_239' title='bbox 1267 2537 1523 2626; x_wconf 91' lang='lat' dir='ltr'>ubique</span> <span class='ocrx_word' id='word_1_240' title='bbox 1572 2538 1974 2605; x_wconf 80' lang='lat' dir='ltr'>diffundunt</span> <span class='ocrx_word' id='word_1_241' title='bbox 1984 2563 2004 2618; x_wconf 83' lang='lat'>3</span> <span class='ocrx_word' id='word_1_242' title='bbox 2039 2539 2347 2605; x_wconf 90' lang='lat' dir='ltr'>inclusos</span> <span class='ocrx_word' id='word_1_243' title='bbox 2374 2558 2507 2626; x_wconf 93' lang='lat' dir='ltr'>pro</span> <span class='ocrx_word' id='word_1_244' title='bbox 2538 2538 2858 2605; x_wconf 90' lang='lat' dir='ltr'>custodia</span> <span class='ocrx_word' id='word_1_245' title='bbox 2885 2538 3158 2617; x_wconf 89' lang='lat' dir='ltr'>milites,</span> <span class='ocrx_word' id='word_1_246' title='bbox 3187 2539 3436 2626; x_wconf 86' lang='lat' dir='ltr'>partim</span> <span class='ocrx_word' id='word_1_247' title='bbox 3481 2539 3920 2619; x_wconf 88' lang='lat' dir='ltr'>obtruncant,</span> 
     </span>
     <span class='ocr_line' id='line_1_23' title="bbox 221 2642 4250 2735; baseline -0.001 -21"><span class='ocrx_word' id='word_1_248' title='bbox 221 2648 450 2735; x_wconf 88' lang='lat' dir='ltr'>partim</span> <span class='ocrx_word' id='word_1_249' title='bbox 494 2668 666 2714; x_wconf 85' lang='lat' dir='ltr'>vero</span> <span class='ocrx_word' id='word_1_250' title='bbox 713 2646 997 2733; x_wconf 88' lang='lat' dir='ltr'>capiunt</span> <span class='ocrx_word' id='word_1_251' title='bbox 1012 2670 1032 2725; x_wconf 83' lang='lat'>3</span> <span class='ocrx_word' id='word_1_252' title='bbox 1067 2646 1367 2733; x_wconf 90' lang='lat' dir='ltr'>reliquos</span> <span class='ocrx_word' id='word_1_253' title='bbox 1395 2646 1746 2732; x_wconf 87' lang='lat' dir='ltr'>presentia</span> <span class='ocrx_word' id='word_1_254' title='bbox 1776 2647 1953 2712; x_wconf 86' lang='lat' dir='ltr'>facti</span> <span class='ocrx_word' id='word_1_255' title='bbox 1982 2644 2402 2713; x_wconf 89' lang='lat' dir='ltr'>conterritos</span> <span class='ocrx_word' id='word_1_256' title='bbox 2446 2656 2515 2711; x_wconf 91' lang='lat' dir='ltr'>et</span> <span class='ocrx_word' id='word_1_257' title='bbox 2559 2642 2691 2711; x_wconf 89' lang='lat' dir='ltr'>sibi</span> <span class='ocrx_word' id='word_1_258' title='bbox 2720 2644 2887 2732; x_wconf 87' lang='lat' dir='ltr'>ipsis</span> <span class='ocrx_word' id='word_1_259' title='bbox 2916 2644 3333 2712; x_wconf 90' lang='lat' dir='ltr'>diffidentes&#39;</span> <span class='ocrx_word' id='word_1_260' title='bbox 3368 2646 3459 2713; x_wconf 92' lang='lat' dir='ltr'>ad</span> <span class='ocrx_word' id='word_1_261' title='bbox 3491 2646 3914 2715; x_wconf 89' lang='lat' dir='ltr'>deditionem</span> <span class='ocrx_word' id='word_1_262' title='bbox 4067 2681 4109 2712; x_wconf 74' lang='lat' dir='ltr'><strong><em>c.</em></strong></span> <span class='ocrx_word' id='word_1_263' title='bbox 4137 2677 4195 2717; x_wconf 65' lang='lat' dir='ltr'>:s</span> <span class='ocrx_word' id='word_1_264' title='bbox 4224 2681 4250 2708; x_wconf 64' lang='lat' dir='ltr'><em>r</em></span> 
     </span>
    </p>
   </div>
   <div class='ocr_carea' id='block_1_6' title="bbox 3947 2735 4394 2800">
    <p class='ocr_par' dir='ltr' id='par_1_6' title="bbox 3947 2735 4394 2800">
     <span class='ocr_line' id='line_1_24' title="bbox 3947 2735 4394 2800; baseline 0 -22"><span class='ocrx_word' id='word_1_265' title='bbox 3947 2735 4121 2800; x_wconf 63' lang='lat' dir='ltr'>Pisfne</span> <span class='ocrx_word' id='word_1_266' title='bbox 4128 2736 4254 2778; x_wconf 71' lang='lat' dir='ltr'>arcis</span> <span class='ocrx_word' id='word_1_267' title='bbox 4262 2737 4394 2778; x_wconf 68' lang='lat' dir='ltr'>ans‘s-</span> 
     </span>
    </p>
   </div>
   <div class='ocr_carea' id='block_1_7' title="bbox 108 2748 4237 4123">
    <p class='ocr_par' dir='ltr' id='par_1_7' title="bbox 118 2748 4074 2947">
     <span class='ocr_line' id='line_1_25' title="bbox 118 2748 4074 2841; baseline 0 -21"><span class='ocrx_word' id='word_1_268' title='bbox 118 2758 187 2821; x_wconf 85' lang='lat'>20</span> <span class='ocrx_word' id='word_1_269' title='bbox 224 2752 637 2841; x_wconf 90' lang='lat' dir='ltr'>compellunt</span> <span class='ocrx_word' id='word_1_270' title='bbox 663 2750 702 2818; x_wconf 87' lang='lat'>¹.</span> <span class='ocrx_word' id='word_1_271' title='bbox 793 2752 1034 2840; x_wconf 90' lang='lat' dir='ltr'>Itaque</span> <span class='ocrx_word' id='word_1_272' title='bbox 1067 2773 1207 2817; x_wconf 89' lang='lat' dir='ltr'>una</span> <span class='ocrx_word' id='word_1_273' title='bbox 1237 2752 1622 2839; x_wconf 90' lang='lat' dir='ltr'>eademque</span> <span class='ocrx_word' id='word_1_274' title='bbox 1655 2751 1772 2818; x_wconf 91' lang='lat' dir='ltr'>die</span> <span class='ocrx_word' id='word_1_275' title='bbox 1807 2749 2083 2817; x_wconf 87' lang='lat' dir='ltr'>evanuit</span> <span class='ocrx_word' id='word_1_276' title='bbox 2112 2748 2469 2818; x_wconf 90' lang='lat' dir='ltr'>elaborata</span> <span class='ocrx_word' id='word_1_277' title='bbox 2501 2761 2604 2817; x_wconf 92' lang='lat' dir='ltr'>tot</span> <span class='ocrx_word' id='word_1_278' title='bbox 2633 2764 3018 2838; x_wconf 90' lang='lat' dir='ltr'>temporum</span> <span class='ocrx_word' id='word_1_279' title='bbox 3046 2770 3207 2838; x_wconf 91' lang='lat' dir='ltr'>spes</span> <span class='ocrx_word' id='word_1_280' title='bbox 3237 2772 3321 2818; x_wconf 89' lang='lat' dir='ltr'>ac</span> <span class='ocrx_word' id='word_1_281' title='bbox 3354 2754 3631 2821; x_wconf 87' lang='lat' dir='ltr'>tandem</span> <span class='ocrx_word' id='word_1_282' title='bbox 3665 2764 3902 2841; x_wconf 90' lang='lat' dir='ltr'>empta</span> <span class='ocrx_word' id='word_1_283' title='bbox 4001 2802 4074 2831; x_wconf 76' lang='lat'>„0</span> 
     </span>
     <span class='ocr_line' id='line_1_26' title="bbox 221 2857 622 2947; baseline 0 -20"><span class='ocrx_word' id='word_1_284' title='bbox 221 2859 552 2947; x_wconf 81' lang='lat' dir='ltr'>possessio</span> <span class='ocrx_word' id='word_1_285' title='bbox 577 2857 622 2927; x_wconf 81' lang='lat'><strong><em>².</em></strong></span> 
     </span>
    </p>

    <p class='ocr_par' dir='ltr' id='par_1_8' title="bbox 218 2963 3919 3266">
     <span class='ocr_line' id='line_1_27' title="bbox 380 2963 3916 3054; baseline 0.001 -23"><span class='ocrx_word' id='word_1_286' title='bbox 380 2965 633 3032; x_wconf 89' lang='lat' dir='ltr'>Delato</span> <span class='ocrx_word' id='word_1_287' title='bbox 680 2965 1103 3033; x_wconf 86' lang='lat' dir='ltr'>Florentiam</span> <span class='ocrx_word' id='word_1_288' title='bbox 1145 2964 1509 3052; x_wconf 88' lang='lat' dir='ltr'>repentine</span> <span class='ocrx_word' id='word_1_289' title='bbox 1554 2963 1859 3053; x_wconf 89' lang='lat' dir='ltr'>fedeque</span> <span class='ocrx_word' id='word_1_290' title='bbox 1893 2964 2271 3033; x_wconf 84' lang='lat' dir='ltr'>amissionis</span> <span class='ocrx_word' id='word_1_291' title='bbox 2300 2965 2561 3044; x_wconf 89' lang='lat' dir='ltr'>nuntio,</span> <span class='ocrx_word' id='word_1_292' title='bbox 2592 2963 2937 3031; x_wconf 88' lang='lat' dir='ltr'>florentini</span> <span class='ocrx_word' id='word_1_293' title='bbox 2964 2964 3207 3053; x_wconf 91' lang='lat' dir='ltr'>populi</span> <span class='ocrx_word' id='word_1_294' title='bbox 3252 2977 3324 3032; x_wconf 91' lang='lat' dir='ltr'>et</span> <span class='ocrx_word' id='word_1_295' title='bbox 3363 2965 3744 3054; x_wconf 89' lang='lat' dir='ltr'>reipublice</span> <span class='ocrx_word' id='word_1_296' title='bbox 3791 2970 3916 3038; x_wconf 90' lang='lat' dir='ltr'>de-</span> 
     </span>
     <span class='ocr_line' id='line_1_28' title="bbox 221 3069 3914 3161; baseline 0.001 -21"><span class='ocrx_word' id='word_1_297' title='bbox 221 3075 421 3140; x_wconf 88' lang='lat' dir='ltr'>decus</span> <span class='ocrx_word' id='word_1_298' title='bbox 462 3072 686 3161; x_wconf 84' lang='lat' dir='ltr'>magis</span> <span class='ocrx_word' id='word_1_299' title='bbox 730 3093 937 3159; x_wconf 88' lang='lat' dir='ltr'>quam</span> <span class='ocrx_word' id='word_1_300' title='bbox 980 3071 1226 3160; x_wconf 87' lang='lat' dir='ltr'>pisane</span> <span class='ocrx_word' id='word_1_301' title='bbox 1271 3072 1450 3138; x_wconf 90' lang='lat' dir='ltr'>arcis</span> <span class='ocrx_word' id='word_1_302' title='bbox 1495 3071 1765 3137; x_wconf 88' lang='lat' dir='ltr'>amissio</span> <span class='ocrx_word' id='word_1_303' title='bbox 1816 3071 2066 3138; x_wconf 84' lang='lat' dir='ltr'>civium</span> <span class='ocrx_word' id='word_1_304' title='bbox 2111 3071 2374 3139; x_wconf 88' lang='lat' dir='ltr'>animos</span> <span class='ocrx_word' id='word_1_305' title='bbox 2421 3069 2939 3159; x_wconf 89' lang='lat' dir='ltr'>comprimebat.</span> <span class='ocrx_word' id='word_1_306' title='bbox 3029 3069 3295 3139; x_wconf 90' lang='lat' dir='ltr'>Creber</span> <span class='ocrx_word' id='word_1_307' title='bbox 3326 3086 3474 3140; x_wconf 90' lang='lat' dir='ltr'>erat</span> <span class='ocrx_word' id='word_1_308' title='bbox 3516 3095 3645 3161; x_wconf 91' lang='lat' dir='ltr'>per</span> <span class='ocrx_word' id='word_1_309' title='bbox 3672 3074 3914 3143; x_wconf 83' lang='lat' dir='ltr'>urbem</span> 
     </span>
     <span class='ocr_line' id='line_1_29' title="bbox 218 3176 3919 3266; baseline 0.001 -21"><span class='ocrx_word' id='word_1_310' title='bbox 218 3198 434 3245; x_wconf 89' lang='lat' dir='ltr'>rumor</span> <span class='ocrx_word' id='word_1_311' title='bbox 478 3178 673 3246; x_wconf 86' lang='lat' dir='ltr'>varia</span> <span class='ocrx_word' id='word_1_312' title='bbox 716 3179 1156 3245; x_wconf 89' lang='lat' dir='ltr'>iactantium:</span> <span class='ocrx_word' id='word_1_313' title='bbox 1204 3176 1483 3266; x_wconf 86' lang='lat' dir='ltr'>quidam</span> <span class='ocrx_word' id='word_1_314' title='bbox 1513 3177 1588 3243; x_wconf 89' lang='lat' dir='ltr'>in</span> <span class='ocrx_word' id='word_1_315' title='bbox 1621 3177 1943 3245; x_wconf 88' lang='lat' dir='ltr'>custodes</span> <span class='ocrx_word' id='word_1_316' title='bbox 1986 3177 2213 3244; x_wconf 89' lang='lat' dir='ltr'>acrius</span> <span class='ocrx_word' id='word_1_317' title='bbox 2243 3176 2760 3259; x_wconf 80' lang='lat' dir='ltr'>invehebantur,</span> <span class='ocrx_word' id='word_1_318' title='bbox 2793 3178 3076 3266; x_wconf 91' lang='lat' dir='ltr'>quidam</span> <span class='ocrx_word' id='word_1_319' title='bbox 3119 3176 3526 3246; x_wconf 87' lang='lat' dir='ltr'>Pisanorum</span> <span class='ocrx_word' id='word_1_320' title='bbox 3556 3181 3919 3248; x_wconf 86' lang='lat' dir='ltr'>audaciam</span> 
     </span>
    </p>

    <p class='ocr_par' dir='ltr' id='par_1_9' title="bbox 113 3282 3919 3801">
     <span class='ocr_line' id='line_1_30' title="bbox 113 3282 3918 3374; baseline 0.002 -24"><span class='ocrx_word' id='word_1_321' title='bbox 113 3286 180 3352; x_wconf 84' lang='lat'>25</span> <span class='ocrx_word' id='word_1_322' title='bbox 221 3286 671 3374; x_wconf 80' lang='lat' dir='ltr'>virtutemque</span> <span class='ocrx_word' id='word_1_323' title='bbox 720 3282 1168 3364; x_wconf 81' lang='lat' dir='ltr'>extollebant,</span> <span class='ocrx_word' id='word_1_324' title='bbox 1213 3284 1527 3350; x_wconf 89' lang='lat' dir='ltr'>nonnulli</span> <span class='ocrx_word' id='word_1_325' title='bbox 1570 3283 2063 3374; x_wconf 80' lang='lat' dir='ltr'>negligentiam</span> <span class='ocrx_word' id='word_1_326' title='bbox 2104 3285 2561 3373; x_wconf 88' lang='lat' dir='ltr'>magistratus,</span> <span class='ocrx_word' id='word_1_327' title='bbox 2608 3285 2722 3350; x_wconf 92' lang='lat' dir='ltr'>cui</span> <span class='ocrx_word' id='word_1_328' title='bbox 2766 3283 2934 3351; x_wconf 87' lang='lat' dir='ltr'>belli</span> <span class='ocrx_word' id='word_1_329' title='bbox 2981 3305 3148 3351; x_wconf 89' lang='lat' dir='ltr'>cura</span> <span class='ocrx_word' id='word_1_330' title='bbox 3192 3285 3608 3353; x_wconf 86' lang='lat' dir='ltr'>demandata</span> <span class='ocrx_word' id='word_1_331' title='bbox 3665 3289 3918 3368; x_wconf 86' lang='lat' dir='ltr'>fuerat,</span> 
     </span>
     <span class='ocr_line' id='line_1_31' title="bbox 219 3389 3917 3482; baseline 0.001 -24"><span class='ocrx_word' id='word_1_332' title='bbox 219 3389 649 3469; x_wconf 86' lang='lat' dir='ltr'>damnabant,</span> <span class='ocrx_word' id='word_1_333' title='bbox 696 3390 814 3482; x_wconf 82' lang='lat' dir='ltr'>alij</span> <span class='ocrx_word' id='word_1_334' title='bbox 862 3390 1197 3478; x_wconf 89' lang='lat' dir='ltr'>imparem</span> <span class='ocrx_word' id='word_1_335' title='bbox 1241 3410 1600 3457; x_wconf 88' lang='lat' dir='ltr'>numerum</span> <span class='ocrx_word' id='word_1_336' title='bbox 1649 3390 1960 3458; x_wconf 91' lang='lat' dir='ltr'>custodie</span> <span class='ocrx_word' id='word_1_337' title='bbox 2005 3401 2195 3458; x_wconf 87' lang='lat' dir='ltr'>tante</span> <span class='ocrx_word' id='word_1_338' title='bbox 2241 3390 2422 3456; x_wconf 86' lang='lat' dir='ltr'>arcis</span> <span class='ocrx_word' id='word_1_339' title='bbox 2466 3389 2893 3478; x_wconf 89' lang='lat' dir='ltr'>prepositum</span> <span class='ocrx_word' id='word_1_340' title='bbox 2955 3390 3170 3457; x_wconf 83' lang='lat' dir='ltr'>fuisse</span> <span class='ocrx_word' id='word_1_341' title='bbox 3233 3390 3635 3480; x_wconf 69' lang='lat' dir='ltr'>culpabantg</span> <span class='ocrx_word' id='word_1_342' title='bbox 3683 3406 3776 3475; x_wconf 88' lang='lat' dir='ltr'>et,</span> <span class='ocrx_word' id='word_1_343' title='bbox 3839 3408 3917 3463; x_wconf 91' lang='lat' dir='ltr'>ut</span> 
     </span>
     <span class='ocr_line' id='line_1_32' title="bbox 216 3495 3917 3589; baseline 0.002 -24"><span class='ocrx_word' id='word_1_344' title='bbox 216 3498 281 3565; x_wconf 91' lang='lat' dir='ltr'>in</span> <span class='ocrx_word' id='word_1_345' title='bbox 320 3516 395 3565; x_wconf 91' lang='lat' dir='ltr'>re</span> <span class='ocrx_word' id='word_1_346' title='bbox 440 3497 622 3565; x_wconf 86' lang='lat' dir='ltr'>male</span> <span class='ocrx_word' id='word_1_347' title='bbox 666 3509 864 3588; x_wconf 88' lang='lat' dir='ltr'>gesta</span> <span class='ocrx_word' id='word_1_348' title='bbox 910 3498 1194 3566; x_wconf 86' lang='lat' dir='ltr'>evenire</span> <span class='ocrx_word' id='word_1_349' title='bbox 1238 3496 1437 3578; x_wconf 88' lang='lat' dir='ltr'>solet,</span> <span class='ocrx_word' id='word_1_350' title='bbox 1480 3496 1578 3565; x_wconf 88' lang='lat' dir='ltr'>ita</span> <span class='ocrx_word' id='word_1_351' title='bbox 1619 3496 1810 3565; x_wconf 80' lang='lat' dir='ltr'>varie</span> <span class='ocrx_word' id='word_1_352' title='bbox 1856 3495 2286 3565; x_wconf 88' lang='lat' dir='ltr'>iactabantur</span> <span class='ocrx_word' id='word_1_353' title='bbox 2334 3497 2893 3566; x_wconf 91' lang='lat' dir='ltr'>calumniantium</span> <span class='ocrx_word' id='word_1_354' title='bbox 2940 3499 3302 3568; x_wconf 89' lang='lat' dir='ltr'>sententie.</span> <span class='ocrx_word' id='word_1_355' title='bbox 3393 3498 3610 3569; x_wconf 93' lang='lat' dir='ltr'>Erant</span> <span class='ocrx_word' id='word_1_356' title='bbox 3638 3502 3776 3589; x_wconf 88' lang='lat' dir='ltr'>qui,</span> <span class='ocrx_word' id='word_1_357' title='bbox 3809 3502 3917 3574; x_wconf 88' lang='lat' dir='ltr'>in-</span> 
     </span>
     <span class='ocr_line' id='line_1_33' title="bbox 219 3605 3919 3697; baseline 0.002 -25"><span class='ocrx_word' id='word_1_358' title='bbox 219 3607 604 3695; x_wconf 83' lang='lat' dir='ltr'>dignatione</span> <span class='ocrx_word' id='word_1_359' title='bbox 652 3605 998 3685; x_wconf 90' lang='lat' dir='ltr'>commoti‚</span> <span class='ocrx_word' id='word_1_360' title='bbox 1047 3605 1478 3673; x_wconf 88' lang='lat' dir='ltr'>tumultuarie</span> <span class='ocrx_word' id='word_1_361' title='bbox 1522 3606 1596 3671; x_wconf 89' lang='lat' dir='ltr'>in</span> <span class='ocrx_word' id='word_1_362' title='bbox 1640 3605 1928 3673; x_wconf 89' lang='lat' dir='ltr'>Pisanos</span> <span class='ocrx_word' id='word_1_363' title='bbox 1975 3608 2472 3693; x_wconf 89' lang='lat' dir='ltr'>erumpendum</span> <span class='ocrx_word' id='word_1_364' title='bbox 2504 3625 2657 3674; x_wconf 86' lang='lat' dir='ltr'>esse</span> <span class='ocrx_word' id='word_1_365' title='bbox 2689 3620 3084 3685; x_wconf 80' lang='lat' dir='ltr'>censerent3</span> <span class='ocrx_word' id='word_1_366' title='bbox 3132 3608 3484 3697; x_wconf 81' lang='lat' dir='ltr'>graviores</span> <span class='ocrx_word' id='word_1_367' title='bbox 3529 3610 3660 3676; x_wconf 84' lang='lat' dir='ltr'>viri</span> <span class='ocrx_word' id='word_1_368' title='bbox 3707 3610 3919 3679; x_wconf 85' lang='lat' dir='ltr'>facile</span> 
     </span>
     <span class='ocr_line' id='line_1_34' title="bbox 218 3711 3917 3801; baseline 0.002 -23"><span class='ocrx_word' id='word_1_369' title='bbox 218 3712 534 3779; x_wconf 89' lang='lat' dir='ltr'>dicebant</span> <span class='ocrx_word' id='word_1_370' title='bbox 582 3732 731 3779; x_wconf 89' lang='lat' dir='ltr'>esse</span> <span class='ocrx_word' id='word_1_371' title='bbox 777 3711 1037 3779; x_wconf 90' lang='lat' dir='ltr'>bellum</span> <span class='ocrx_word' id='word_1_372' title='bbox 1081 3712 1455 3800; x_wconf 88' lang='lat' dir='ltr'>suscipere,</span> <span class='ocrx_word' id='word_1_373' title='bbox 1500 3712 1964 3800; x_wconf 89' lang='lat' dir='ltr'>pericolosum</span> <span class='ocrx_word' id='word_1_374' title='bbox 2007 3715 2356 3801; x_wconf 88' lang='lat' dir='ltr'>prosequi,</span> <span class='ocrx_word' id='word_1_375' title='bbox 2400 3714 2666 3780; x_wconf 87' lang='lat' dir='ltr'>variam</span> <span class='ocrx_word' id='word_1_376' title='bbox 2711 3713 3058 3780; x_wconf 90' lang='lat' dir='ltr'>fortunam</span> <span class='ocrx_word' id='word_1_377' title='bbox 3107 3727 3178 3781; x_wconf 91' lang='lat' dir='ltr'>et</span> <span class='ocrx_word' id='word_1_378' title='bbox 3220 3715 3522 3782; x_wconf 83' lang='lat' dir='ltr'>futurum</span> <span class='ocrx_word' id='word_1_379' title='bbox 3552 3716 3917 3798; x_wconf 89' lang='lat' dir='ltr'>incertum,</span> 
     </span>
    </p>

    <p class='ocr_par' dir='ltr' id='par_1_10' title="bbox 108 3818 3917 4014">
     <span class='ocr_line' id='line_1_35' title="bbox 108 3818 3917 3910; baseline 0.002 -29"><span class='ocrx_word' id='word_1_380' title='bbox 108 3819 178 3881; x_wconf 87' lang='grc'>30</span> <span class='ocrx_word' id='word_1_381' title='bbox 216 3839 337 3884; x_wconf 87' lang='lat' dir='ltr'>nec</span> <span class='ocrx_word' id='word_1_382' title='bbox 382 3831 647 3885; x_wconf 87' lang='lat' dir='ltr'>temere</span> <span class='ocrx_word' id='word_1_383' title='bbox 691 3839 767 3886; x_wconf 86' lang='lat' dir='ltr'>se</span> <span class='ocrx_word' id='word_1_384' title='bbox 811 3819 1092 3886; x_wconf 78' lang='lat' dir='ltr'>fortune</span> <span class='ocrx_word' id='word_1_385' title='bbox 1140 3818 1414 3885; x_wconf 86' lang='lat' dir='ltr'>casibus</span> <span class='ocrx_word' id='word_1_386' title='bbox 1457 3820 2049 3899; x_wconf 89' lang='lat' dir='ltr'>committendum,</span> <span class='ocrx_word' id='word_1_387' title='bbox 2095 3820 2448 3907; x_wconf 89' lang='lat' dir='ltr'>suscipere</span> <span class='ocrx_word' id='word_1_388' title='bbox 2492 3839 2790 3908; x_wconf 84' lang='lat' dir='ltr'>namque</span> <span class='ocrx_word' id='word_1_389' title='bbox 2834 3819 3091 3887; x_wconf 90' lang='lat' dir='ltr'>bellum</span> <span class='ocrx_word' id='word_1_390' title='bbox 3137 3822 3425 3909; x_wconf 90' lang='lat' dir='ltr'>quisque</span> <span class='ocrx_word' id='word_1_391' title='bbox 3469 3833 3764 3910; x_wconf 88' lang='lat' dir='ltr'>poterat,</span> <span class='ocrx_word' id='word_1_392' title='bbox 3802 3845 3917 3889; x_wconf 89' lang='lat' dir='ltr'>re-</span> 
     </span>
     <span class='ocr_line' id='line_1_36' title="bbox 214 3924 2811 4014; baseline 0.001 -23"><span class='ocrx_word' id='word_1_393' title='bbox 214 3926 503 4011; x_wconf 88' lang='lat' dir='ltr'>primere</span> <span class='ocrx_word' id='word_1_394' title='bbox 552 3946 718 3993; x_wconf 86' lang='lat' dir='ltr'>vero</span> <span class='ocrx_word' id='word_1_395' title='bbox 763 3925 1029 3992; x_wconf 88' lang='lat' dir='ltr'>ruinam</span> <span class='ocrx_word' id='word_1_396' title='bbox 1074 3924 1263 3992; x_wconf 86' lang='lat' dir='ltr'>urbis</span> <span class='ocrx_word' id='word_1_397' title='bbox 1311 3939 1382 3993; x_wconf 90' lang='lat' dir='ltr'>et</span> <span class='ocrx_word' id='word_1_398' title='bbox 1423 3946 1672 4014; x_wconf 90' lang='lat' dir='ltr'>pacem</span> <span class='ocrx_word' id='word_1_399' title='bbox 1720 3925 1995 3993; x_wconf 90' lang='lat' dir='ltr'>efficere</span> <span class='ocrx_word' id='word_1_400' title='bbox 2039 3927 2170 3992; x_wconf 91' lang='lat' dir='ltr'>soli</span> <span class='ocrx_word' id='word_1_401' title='bbox 2212 3927 2458 3993; x_wconf 84' lang='lat' dir='ltr'>victori</span> <span class='ocrx_word' id='word_1_402' title='bbox 2507 3927 2740 3993; x_wconf 89' lang='lat' dir='ltr'>datum</span> <span class='ocrx_word' id='word_1_403' title='bbox 2767 3925 2811 3993; x_wconf 81' lang='lat'><strong><em>⁸.</em></strong></span> 
     </span>
    </p>

    <p class='ocr_par' dir='ltr' id='par_1_11' title="bbox 378 4030 4237 4123">
     <span class='ocr_line' id='line_1_37' title="bbox 378 4030 4237 4123; baseline -0.001 -23"><span class='ocrx_word' id='word_1_404' title='bbox 378 4031 606 4100; x_wconf 87' lang='lat' dir='ltr'>&#39;Inter</span> <span class='ocrx_word' id='word_1_405' title='bbox 649 4033 784 4100; x_wconf 91' lang='lat' dir='ltr'>hec</span> <span class='ocrx_word' id='word_1_406' title='bbox 832 4033 1131 4121; x_wconf 87' lang='lat' dir='ltr'>quinque</span> <span class='ocrx_word' id='word_1_407' title='bbox 1177 4033 1389 4112; x_wconf 87' lang='lat' dir='ltr'>cives,</span> <span class='ocrx_word' id='word_1_408' title='bbox 1435 4052 1725 4121; x_wconf 91' lang='lat' dir='ltr'>quorum</span> <span class='ocrx_word' id='word_1_409' title='bbox 1770 4032 1945 4100; x_wconf 89' lang='lat' dir='ltr'>Pisis</span> <span class='ocrx_word' id='word_1_410' title='bbox 1986 4030 2299 4121; x_wconf 83' lang='lat' dir='ltr'>pollebat</span> <span class='ocrx_word' id='word_1_411' title='bbox 2328 4033 2715 4114; x_wconf 83' lang='lat' dir='ltr'>auctoritas,</span> <span class='ocrx_word' id='word_1_412' title='bbox 2750 4034 3169 4101; x_wconf 88' lang='lat' dir='ltr'>Florentiam</span> <span class='ocrx_word' id='word_1_413' title='bbox 3225 4034 3557 4123; x_wconf 88' lang='lat' dir='ltr'>legantur.</span> <span class='ocrx_word' id='word_1_414' title='bbox 3648 4036 3920 4105; x_wconf 86' lang='lat' dir='ltr'>Placuit</span> <span class='ocrx_word' id='word_1_415' title='bbox 4073 4071 4115 4102; x_wconf 63' lang='grc' dir='ltr'><strong>ι.</strong></span> <span class='ocrx_word' id='word_1_416' title='bbox 4137 4070 4194 4111; x_wconf 67' lang='lat'>1,</span> <span class='ocrx_word' id='word_1_417' title='bbox 4217 4067 4237 4097; x_wconf 66' lang='grc' dir='ltr'><em>ι</em></span> 
     </span>
    </p>
   </div>
   <div class='ocr_carea' id='block_1_8' title="bbox 110 4372 3923 5289">
    <p class='ocr_par' dir='ltr' id='par_1_12' title="bbox 213 4372 3919 4698">
     <span class='ocr_line' id='line_1_38' title="bbox 385 4372 3916 4446; baseline 0.001 -20"><span class='ocrx_word' id='word_1_418' title='bbox 385 4390 430 4426; x_wconf 92' lang='grc'>1.</span> <span class='ocrx_word' id='word_1_419' title='bbox 461 4372 718 4444; x_wconf 85' lang='lat' dir='ltr'>indigne]</span> <span class='ocrx_word' id='word_1_420' title='bbox 743 4377 815 4427; x_wconf 94' lang='lat' dir='ltr'><strong><em>R.</em></strong></span> <span class='ocrx_word' id='word_1_421' title='bbox 836 4374 1177 4444; x_wconf 74' lang='lat' dir='ltr'>indIgneque</span> <span class='ocrx_word' id='word_1_422' title='bbox 1203 4401 1227 4414; x_wconf 91' lang='lat'><strong>·</strong></span> <span class='ocrx_word' id='word_1_423' title='bbox 1251 4374 1718 4445; x_wconf 83' lang='lat' dir='ltr'>oppugnandum]</span> <span class='ocrx_word' id='word_1_424' title='bbox 1747 4378 1807 4429; x_wconf 97' lang='lat' dir='ltr'><strong><em>S.</em></strong></span> <span class='ocrx_word' id='word_1_425' title='bbox 1833 4376 2275 4446; x_wconf 75' lang='lat' dir='ltr'>oppugnandam</span> <span class='ocrx_word' id='word_1_426' title='bbox 2303 4403 2367 4415; x_wconf 90' lang='lat'>—-</span> <span class='ocrx_word' id='word_1_427' title='bbox 2396 4389 2446 4426; x_wconf 95' lang='grc'>2.</span> <span class='ocrx_word' id='word_1_428' title='bbox 2471 4375 2902 4443; x_wconf 77' lang='lat' dir='ltr'>circumductis]</span> <span class='ocrx_word' id='word_1_429' title='bbox 2927 4379 2967 4428; x_wconf 87' lang='lat' dir='ltr'><strong><em>l.</em></strong></span> <span class='ocrx_word' id='word_1_430' title='bbox 2989 4379 3058 4429; x_wconf 88' lang='lat' dir='ltr'>L.</span> <span class='ocrx_word' id='word_1_431' title='bbox 3083 4378 3501 4442; x_wconf 80' lang='lat' dir='ltr'>circunductis3</span> <span class='ocrx_word' id='word_1_432' title='bbox 3524 4378 3588 4430; x_wconf 90' lang='lat'><strong><em>0.</em></strong></span> <span class='ocrx_word' id='word_1_433' title='bbox 3615 4378 3916 4431; x_wconf 86' lang='lat' dir='ltr'>conductis</span> 
     </span>
     <span class='ocr_line' id='line_1_39' title="bbox 215 4458 3916 4530; baseline 0.002 -21"><span class='ocrx_word' id='word_1_434' title='bbox 215 4458 441 4526; x_wconf 85' lang='lat' dir='ltr'>-uocteJ</span> <span class='ocrx_word' id='word_1_435' title='bbox 485 4460 547 4511; x_wconf 88' lang='lat' dir='ltr'>S.</span> <span class='ocrx_word' id='word_1_436' title='bbox 568 4461 643 4510; x_wconf 91' lang='lat' dir='ltr'><strong><em>R.</em></strong></span> <span class='ocrx_word' id='word_1_437' title='bbox 680 4468 856 4512; x_wconf 86' lang='lat' dir='ltr'>noctu</span> <span class='ocrx_word' id='word_1_438' title='bbox 892 4485 960 4497; x_wconf 90' lang='lat'><strong>—</strong></span> <span class='ocrx_word' id='word_1_439' title='bbox 1002 4469 1051 4525; x_wconf 82' lang='grc'>5.</span> <span class='ocrx_word' id='word_1_440' title='bbox 1089 4458 1382 4525; x_wconf 79' lang='lat' dir='ltr'>adversos]</span> <span class='ocrx_word' id='word_1_441' title='bbox 1422 4460 1495 4511; x_wconf 92' lang='lat' dir='ltr'><strong><em>R.</em></strong></span> <span class='ocrx_word' id='word_1_442' title='bbox 1532 4475 1680 4511; x_wconf 66' lang='lat' dir='ltr'>omn.</span> <span class='ocrx_word' id='word_1_443' title='bbox 1717 4487 1785 4499; x_wconf 89' lang='lat'>—</span> <span class='ocrx_word' id='word_1_444' title='bbox 1822 4458 1877 4513; x_wconf 89' lang='grc'>6.</span> <span class='ocrx_word' id='word_1_445' title='bbox 1911 4458 2129 4530; x_wconf 69' lang='lat' dir='ltr'>arcum]</span> <span class='ocrx_word' id='word_1_446' title='bbox 2164 4461 2232 4512; x_wconf 91' lang='lat' dir='ltr'><strong><em>P.</em></strong></span> <span class='ocrx_word' id='word_1_447' title='bbox 2269 4474 2435 4513; x_wconf 82' lang='lat' dir='ltr'>areos</span> <span class='ocrx_word' id='word_1_448' title='bbox 2471 4486 2496 4499; x_wconf 91' lang='lat'><strong>·</strong></span> <span class='ocrx_word' id='word_1_449' title='bbox 2530 4459 2819 4527; x_wconf 80' lang='lat' dir='ltr'>angulum]</span> <span class='ocrx_word' id='word_1_450' title='bbox 2867 4463 2930 4514; x_wconf 91' lang='lat'><strong><em>0.</em></strong></span> <span class='ocrx_word' id='word_1_451' title='bbox 2968 4460 3042 4512; x_wconf 78' lang='lat' dir='ltr'>ad</span> <span class='ocrx_word' id='word_1_452' title='bbox 3077 4462 3350 4530; x_wconf 84' lang='lat' dir='ltr'>angulum</span> <span class='ocrx_word' id='word_1_453' title='bbox 3385 4488 3451 4500; x_wconf 91' lang='lat'>—</span> <span class='ocrx_word' id='word_1_454' title='bbox 3492 4472 3543 4529; x_wconf 84' lang='lat'><strong><em>7.</em></strong></span> <span class='ocrx_word' id='word_1_455' title='bbox 3570 4462 3916 4529; x_wconf 86' lang='lat' dir='ltr'>circuibant]</span> 
     </span>
     <span class='ocr_line' id='line_1_40' title="bbox 214 4542 3919 4612; baseline 0.002 -20"><span class='ocrx_word' id='word_1_456' title='bbox 214 4542 267 4592; x_wconf 85' lang='lat' dir='ltr'><strong><em>S.</em></strong></span> <span class='ocrx_word' id='word_1_457' title='bbox 300 4543 614 4607; x_wconf 82' lang='lat' dir='ltr'>circuibat3</span> <span class='ocrx_word' id='word_1_458' title='bbox 654 4546 728 4594; x_wconf 89' lang='lat' dir='ltr'><strong><em>R.</em></strong></span> <span class='ocrx_word' id='word_1_459' title='bbox 762 4544 1137 4595; x_wconf 71' lang='lat' dir='ltr'>circumibant</span> <span class='ocrx_word' id='word_1_460' title='bbox 1172 4570 1196 4581; x_wconf 94' lang='lat'>-</span> <span class='ocrx_word' id='word_1_461' title='bbox 1231 4542 1457 4609; x_wconf 86' lang='lat' dir='ltr'>turrim]</span> <span class='ocrx_word' id='word_1_462' title='bbox 1495 4544 1554 4596; x_wconf 89' lang='lat' dir='ltr'>S.</span> <span class='ocrx_word' id='word_1_463' title='bbox 1589 4547 1804 4595; x_wconf 84' lang='lat' dir='ltr'>turrem</span> <span class='ocrx_word' id='word_1_464' title='bbox 1841 4572 1907 4583; x_wconf 91' lang='lat'>—</span> <span class='ocrx_word' id='word_1_465' title='bbox 1951 4558 2033 4595; x_wconf 91' lang='lat'><strong><em>10.</em></strong></span> <span class='ocrx_word' id='word_1_466' title='bbox 2070 4543 2532 4612; x_wconf 77' lang='lat' dir='ltr'>quotiescunque]</span> <span class='ocrx_word' id='word_1_467' title='bbox 2572 4546 2609 4595; x_wconf 87' lang='lat' dir='ltr'><strong><em>I.</em></strong></span> <span class='ocrx_word' id='word_1_468' title='bbox 2647 4546 2898 4611; x_wconf 80' lang='lat' dir='ltr'>quoties3</span> <span class='ocrx_word' id='word_1_469' title='bbox 2923 4546 2992 4596; x_wconf 91' lang='lat' dir='ltr'>L.</span> <span class='ocrx_word' id='word_1_470' title='bbox 3016 4546 3311 4611; x_wconf 79' lang='lat' dir='ltr'>quotiens3</span> <span class='ocrx_word' id='word_1_471' title='bbox 3337 4546 3410 4597; x_wconf 92' lang='lat' dir='ltr'><strong><em>R.</em></strong></span> <span class='ocrx_word' id='word_1_472' title='bbox 3430 4547 3515 4597; x_wconf 69' lang='lat' dir='ltr'><strong><em>M</em></strong></span> <span class='ocrx_word' id='word_1_473' title='bbox 3539 4549 3919 4612; x_wconf 83' lang='lat' dir='ltr'>quotiescum·</span> 
     </span>
     <span class='ocr_line' id='line_1_41' title="bbox 213 4625 3919 4698; baseline 0.002 -20"><span class='ocrx_word' id='word_1_474' title='bbox 213 4641 308 4692; x_wconf 86' lang='lat' dir='ltr'>que</span> <span class='ocrx_word' id='word_1_475' title='bbox 330 4653 396 4665; x_wconf 88' lang='lat'>——</span> <span class='ocrx_word' id='word_1_476' title='bbox 430 4641 519 4678; x_wconf 91' lang='lat'><strong><em>11.</em></strong></span> <span class='ocrx_word' id='word_1_477' title='bbox 546 4625 755 4692; x_wconf 87' lang='lat' dir='ltr'>proici]</span> <span class='ocrx_word' id='word_1_478' title='bbox 780 4628 850 4678; x_wconf 89' lang='lat' dir='ltr'>L.</span> <span class='ocrx_word' id='word_1_479' title='bbox 880 4627 1133 4696; x_wconf 56' lang='lat' dir='ltr'>promen</span> <span class='ocrx_word' id='word_1_480' title='bbox 1171 4630 1239 4678; x_wconf 90' lang='lat' dir='ltr'><strong><em>P.</em></strong></span> <span class='ocrx_word' id='word_1_481' title='bbox 1261 4628 1336 4679; x_wconf 94' lang='lat' dir='ltr'><strong><em>R.</em></strong></span> <span class='ocrx_word' id='word_1_482' title='bbox 1358 4628 1439 4678; x_wconf 80' lang='grc' dir='ltr'>Μ.</span> <span class='ocrx_word' id='word_1_483' title='bbox 1469 4629 1673 4695; x_wconf 73' lang='lat' dir='ltr'>proijci</span> <span class='ocrx_word' id='word_1_484' title='bbox 1701 4654 1725 4666; x_wconf 92' lang='lat'><strong>·</strong></span> <span class='ocrx_word' id='word_1_485' title='bbox 1752 4629 1954 4679; x_wconf 88' lang='lat' dir='ltr'>timore</span> <span class='ocrx_word' id='word_1_486' title='bbox 1977 4626 2214 4694; x_wconf 84' lang='lat' dir='ltr'>perciti]</span> <span class='ocrx_word' id='word_1_487' title='bbox 2259 4629 2325 4679; x_wconf 90' lang='lat'><strong><em>0.</em></strong></span> <span class='ocrx_word' id='word_1_488' title='bbox 2344 4630 2428 4680; x_wconf 77' lang='lat' dir='ltr'><strong><em>M.</em></strong></span> <span class='ocrx_word' id='word_1_489' title='bbox 2456 4643 2604 4679; x_wconf 68' lang='lat' dir='ltr'>om.</span> <span class='ocrx_word' id='word_1_490' title='bbox 2619 4643 2641 4691; x_wconf 91' lang='lat'>,·</span> <span class='ocrx_word' id='word_1_491' title='bbox 2674 4629 2742 4680; x_wconf 89' lang='lat' dir='ltr'>P.</span> <span class='ocrx_word' id='word_1_492' title='bbox 2769 4631 2976 4681; x_wconf 87' lang='lat' dir='ltr'>timore</span> <span class='ocrx_word' id='word_1_493' title='bbox 3001 4629 3290 4698; x_wconf 80' lang='lat' dir='ltr'>perterriti</span> <span class='ocrx_word' id='word_1_494' title='bbox 3314 4655 3337 4668; x_wconf 95' lang='lat'><em>-</em></span> <span class='ocrx_word' id='word_1_495' title='bbox 3364 4629 3590 4696; x_wconf 87' lang='lat' dir='ltr'>turrim]</span> <span class='ocrx_word' id='word_1_496' title='bbox 3618 4632 3679 4684; x_wconf 93' lang='lat' dir='ltr'><strong><em>S.</em></strong></span> <span class='ocrx_word' id='word_1_497' title='bbox 3704 4635 3919 4684; x_wconf 86' lang='lat' dir='ltr'>turrem</span> 
     </span>
    </p>

    <p class='ocr_par' dir='ltr' id='par_1_13' title="bbox 135 4709 3923 5117">
     <span class='ocr_line' id='line_1_42' title="bbox 135 4709 3921 4782; baseline 0.002 -21"><span class='ocrx_word' id='word_1_498' title='bbox 135 4719 158 4771; x_wconf 83' lang='lat'>5</span> <span class='ocrx_word' id='word_1_499' title='bbox 214 4737 273 4749; x_wconf 90' lang='lat'>—-</span> <span class='ocrx_word' id='word_1_500' title='bbox 302 4724 380 4761; x_wconf 94' lang='lat'><strong><em>12.</em></strong></span> <span class='ocrx_word' id='word_1_501' title='bbox 418 4709 650 4776; x_wconf 87' lang='lat' dir='ltr'>turrim]</span> <span class='ocrx_word' id='word_1_502' title='bbox 693 4712 759 4763; x_wconf 91' lang='lat'><strong><em>0.</em></strong></span> <span class='ocrx_word' id='word_1_503' title='bbox 796 4713 1016 4762; x_wconf 80' lang='lat' dir='ltr'>tur-rum</span> <span class='ocrx_word' id='word_1_504' title='bbox 1054 4739 1119 4749; x_wconf 92' lang='lat'><strong>—</strong></span> <span class='ocrx_word' id='word_1_505' title='bbox 1152 4724 1232 4778; x_wconf 84' lang='lat'><strong><em>13.</em></strong></span> <span class='ocrx_word' id='word_1_506' title='bbox 1259 4710 1401 4776; x_wconf 83' lang='lat' dir='ltr'>esse]</span> <span class='ocrx_word' id='word_1_507' title='bbox 1450 4714 1513 4762; x_wconf 89' lang='lat'><strong><em>0.</em></strong></span> <span class='ocrx_word' id='word_1_508' title='bbox 1543 4726 1661 4764; x_wconf 84' lang='lat' dir='ltr'>esse</span> <span class='ocrx_word' id='word_1_509' title='bbox 1696 4712 1879 4775; x_wconf 79' lang='lat' dir='ltr'>viam3</span> <span class='ocrx_word' id='word_1_510' title='bbox 1919 4714 2071 4764; x_wconf 77' lang='lat' dir='ltr'>viam</span> <span class='ocrx_word' id='word_1_511' title='bbox 2088 4711 2223 4777; x_wconf 67' lang='lat' dir='ltr'>perc)</span> <span class='ocrx_word' id='word_1_512' title='bbox 2260 4712 2289 4762; x_wconf 78' lang='grc' dir='ltr'><em>ὸ</em></span> <span class='ocrx_word' id='word_1_513' title='bbox 2323 4719 2540 4777; x_wconf 74' lang='lat' dir='ltr'>espsnto</span> <span class='ocrx_word' id='word_1_514' title='bbox 2578 4738 2603 4751; x_wconf 92' lang='lat'><strong>·</strong></span> <span class='ocrx_word' id='word_1_515' title='bbox 2643 4711 3035 4779; x_wconf 75' lang='lat' dir='ltr'>ing-rediendo]</span> <span class='ocrx_word' id='word_1_516' title='bbox 3071 4713 3129 4763; x_wconf 78' lang='lat' dir='ltr'>in</span> <span class='ocrx_word' id='word_1_517' title='bbox 3156 4716 3220 4767; x_wconf 88' lang='lat' dir='ltr'><strong><em>C.</em></strong></span> <span class='ocrx_word' id='word_1_518' title='bbox 3246 4715 3297 4763; x_wconf 79' lang='lat' dir='ltr'>il</span> <span class='ocrx_word' id='word_1_519' title='bbox 3325 4715 3543 4766; x_wconf 73' lang='lat' dir='ltr'>secondo</span> <span class='ocrx_word' id='word_1_520' title='bbox 3568 4730 3599 4766; x_wconf 98' lang='lat' dir='ltr'>e</span> <span class='ocrx_word' id='word_1_521' title='bbox 3623 4732 3683 4765; x_wconf 75' lang='lat' dir='ltr'>ss</span> <span class='ocrx_word' id='word_1_522' title='bbox 3720 4718 3921 4782; x_wconf 77' lang='lat' dir='ltr'>litura,-</span> 
     </span>
     <span class='ocr_line' id='line_1_43' title="bbox 210 4793 3923 4864; baseline 0.003 -22"><span class='ocrx_word' id='word_1_523' title='bbox 210 4795 245 4843; x_wconf 81' lang='lat' dir='ltr'><strong><em>l.</em></strong></span> <span class='ocrx_word' id='word_1_524' title='bbox 264 4795 328 4845; x_wconf 89' lang='lat' dir='ltr'><strong><em>L.</em></strong></span> <span class='ocrx_word' id='word_1_525' title='bbox 354 4794 786 4860; x_wconf 68' lang='lat' dir='ltr'>ingrediunde-</span> <span class='ocrx_word' id='word_1_526' title='bbox 811 4794 1008 4860; x_wconf 88' lang='lat' dir='ltr'>turris]</span> <span class='ocrx_word' id='word_1_527' title='bbox 1039 4795 1105 4847; x_wconf 90' lang='grc' dir='ltr'>Ο.</span> <span class='ocrx_word' id='word_1_528' title='bbox 1132 4797 1337 4848; x_wconf 87' lang='lat' dir='ltr'>turrim</span> <span class='ocrx_word' id='word_1_529' title='bbox 1363 4818 1387 4833; x_wconf 91' lang='lat'>-</span> <span class='ocrx_word' id='word_1_530' title='bbox 1411 4793 1545 4860; x_wconf 85' lang='lat' dir='ltr'>qua]</span> <span class='ocrx_word' id='word_1_531' title='bbox 1573 4796 1630 4846; x_wconf 70' lang='lat' dir='ltr'>ln</span> <span class='ocrx_word' id='word_1_532' title='bbox 1660 4797 1719 4847; x_wconf 88' lang='lat' dir='ltr'><strong><em>C.</em></strong></span> <span class='ocrx_word' id='word_1_533' title='bbox 1745 4812 1805 4846; x_wconf 75' lang='lat' dir='ltr'>ss</span> <span class='ocrx_word' id='word_1_534' title='bbox 1830 4797 2001 4847; x_wconf 74' lang='lat' dir='ltr'>litura</span> <span class='ocrx_word' id='word_1_535' title='bbox 2024 4823 2091 4834; x_wconf 91' lang='lat'>—</span> <span class='ocrx_word' id='word_1_536' title='bbox 2124 4809 2205 4863; x_wconf 80' lang='lat'><strong><em>14.</em></strong></span> <span class='ocrx_word' id='word_1_537' title='bbox 2233 4795 2509 4864; x_wconf 86' lang='lat' dir='ltr'>pluribus]</span> <span class='ocrx_word' id='word_1_538' title='bbox 2539 4799 2611 4847; x_wconf 89' lang='lat' dir='ltr'><strong><em>R.</em></strong></span> <span class='ocrx_word' id='word_1_539' title='bbox 2640 4797 2997 4864; x_wconf 80' lang='lat' dir='ltr'>pluribusque</span> <span class='ocrx_word' id='word_1_540' title='bbox 3022 4823 3045 4836; x_wconf 93' lang='lat'><em>-</em></span> <span class='ocrx_word' id='word_1_541' title='bbox 3072 4794 3317 4862; x_wconf 88' lang='lat' dir='ltr'>onustis]</span> <span class='ocrx_word' id='word_1_542' title='bbox 3354 4798 3434 4848; x_wconf 83' lang='lat' dir='ltr'>l’o</span> <span class='ocrx_word' id='word_1_543' title='bbox 3458 4799 3674 4851; x_wconf 58' lang='lat' dir='ltr'>wedale</span> <span class='ocrx_word' id='word_1_544' title='bbox 3696 4803 3754 4851; x_wconf 74' lang='lat' dir='ltr'>is</span> <span class='ocrx_word' id='word_1_545' title='bbox 3783 4804 3845 4856; x_wconf 88' lang='lat' dir='ltr'><strong><em>C.</em></strong></span> <span class='ocrx_word' id='word_1_546' title='bbox 3871 4805 3923 4853; x_wconf 70' lang='lat' dir='ltr'>st·</span> 
     </span>
     <span class='ocr_line' id='line_1_44' title="bbox 210 4877 3916 4952; baseline 0.002 -23"><span class='ocrx_word' id='word_1_547' title='bbox 210 4884 361 4929; x_wconf 69' lang='lat' dir='ltr'>trava</span> <span class='ocrx_word' id='word_1_548' title='bbox 383 4895 445 4929; x_wconf 73' lang='lat' dir='ltr'>su</span> <span class='ocrx_word' id='word_1_549' title='bbox 472 4881 647 4930; x_wconf 71' lang='lat' dir='ltr'>litura</span> <span class='ocrx_word' id='word_1_550' title='bbox 672 4905 739 4915; x_wconf 89' lang='lat'>—</span> <span class='ocrx_word' id='word_1_551' title='bbox 768 4877 851 4930; x_wconf 87' lang='lat'>16.</span> <span class='ocrx_word' id='word_1_552' title='bbox 875 4878 1189 4945; x_wconf 83' lang='lat' dir='ltr'>celerrime]</span> <span class='ocrx_word' id='word_1_553' title='bbox 1228 4880 1285 4931; x_wconf 88' lang='lat' dir='ltr'>V.</span> <span class='ocrx_word' id='word_1_554' title='bbox 1311 4879 1577 4930; x_wconf 88' lang='lat' dir='ltr'>celerime</span> <span class='ocrx_word' id='word_1_555' title='bbox 1601 4907 1669 4919; x_wconf 89' lang='lat'><em>—</em></span> <span class='ocrx_word' id='word_1_556' title='bbox 1698 4893 1785 4932; x_wconf 89' lang='lat'><strong><em>20.</em></strong></span> <span class='ocrx_word' id='word_1_557' title='bbox 1807 4877 2065 4945; x_wconf 80' lang='lat' dir='ltr'>evanuit]</span> <span class='ocrx_word' id='word_1_558' title='bbox 2095 4881 2166 4931; x_wconf 93' lang='lat' dir='ltr'><strong><em>R.</em></strong></span> <span class='ocrx_word' id='word_1_559' title='bbox 2188 4882 2270 4932; x_wconf 75' lang='lat' dir='ltr'><strong><em>M.</em></strong></span> <span class='ocrx_word' id='word_1_560' title='bbox 2297 4895 2448 4932; x_wconf 69' lang='lat' dir='ltr'>m.</span> <span class='ocrx_word' id='word_1_561' title='bbox 2478 4906 2543 4917; x_wconf 95' lang='lat'>—</span> <span class='ocrx_word' id='word_1_562' title='bbox 2572 4893 2658 4931; x_wconf 84' lang='lat'><strong><em>21.</em></strong></span> <span class='ocrx_word' id='word_1_563' title='bbox 2678 4878 2988 4946; x_wconf 82' lang='lat' dir='ltr'>possessio]</span> <span class='ocrx_word' id='word_1_564' title='bbox 3031 4881 3090 4933; x_wconf 79' lang='lat' dir='ltr'><strong><em>V.</em></strong></span> <span class='ocrx_word' id='word_1_565' title='bbox 3109 4882 3396 4950; x_wconf 78' lang='lat' dir='ltr'>posessi03</span> <span class='ocrx_word' id='word_1_566' title='bbox 3423 4883 3496 4934; x_wconf 87' lang='lat' dir='ltr'>R.</span> <span class='ocrx_word' id='word_1_567' title='bbox 3519 4885 3603 4935; x_wconf 76' lang='grc' dir='ltr'><strong>Μ</strong></span> <span class='ocrx_word' id='word_1_568' title='bbox 3632 4887 3916 4952; x_wconf 82' lang='lat' dir='ltr'>possessio</span> 
     </span>
     <span class='ocr_line' id='line_1_45' title="bbox 211 4961 3917 5031; baseline 0.003 -19"><span class='ocrx_word' id='word_1_569' title='bbox 211 4966 437 5015; x_wconf 76' lang='lat' dir='ltr'>evanuit</span> <span class='ocrx_word' id='word_1_570' title='bbox 478 4990 549 5000; x_wconf 93' lang='lat'>—</span> <span class='ocrx_word' id='word_1_571' title='bbox 590 4976 676 5015; x_wconf 91' lang='lat'>22.</span> <span class='ocrx_word' id='word_1_572' title='bbox 714 4961 943 5029; x_wconf 83' lang='lat' dir='ltr'>nuntio]</span> <span class='ocrx_word' id='word_1_573' title='bbox 987 4963 1055 5015; x_wconf 88' lang='grc' dir='ltr'>Ο.</span> <span class='ocrx_word' id='word_1_574' title='bbox 1072 4963 1142 5016; x_wconf 87' lang='grc' dir='ltr'>Ρ.</span> <span class='ocrx_word' id='word_1_575' title='bbox 1178 4967 1387 5015; x_wconf 87' lang='lat' dir='ltr'>nuncio</span> <span class='ocrx_word' id='word_1_576' title='bbox 1414 4990 1479 5001; x_wconf 95' lang='lat'><strong>—</strong></span> <span class='ocrx_word' id='word_1_577' title='bbox 1511 4977 1596 5030; x_wconf 87' lang='lat'><strong><em>23.</em></strong></span> <span class='ocrx_word' id='word_1_578' title='bbox 1621 4963 2055 5030; x_wconf 81' lang='lat' dir='ltr'>comprimebat]</span> <span class='ocrx_word' id='word_1_579' title='bbox 2096 4965 2154 5016; x_wconf 87' lang='lat' dir='ltr'>S.</span> <span class='ocrx_word' id='word_1_580' title='bbox 2195 4965 2556 5031; x_wconf 83' lang='lat' dir='ltr'>opprimebat</span> <span class='ocrx_word' id='word_1_581' title='bbox 2580 4992 2646 5002; x_wconf 89' lang='lat'>—</span> <span class='ocrx_word' id='word_1_582' title='bbox 2687 4977 2772 5031; x_wconf 80' lang='lat'><strong><em>24.</em></strong></span> <span class='ocrx_word' id='word_1_583' title='bbox 2799 4964 3234 5031; x_wconf 77' lang='lat' dir='ltr'>invehebantur]</span> <span class='ocrx_word' id='word_1_584' title='bbox 3274 4968 3454 5018; x_wconf 66' lang='lat' dir='ltr'>Ru.</span> <span class='ocrx_word' id='word_1_585' title='bbox 3477 4968 3827 5022; x_wconf 80' lang='lat' dir='ltr'>invehebant</span> <span class='ocrx_word' id='word_1_586' title='bbox 3850 4999 3917 5010; x_wconf 93' lang='lat'>—-</span> 
     </span>
     <span class='ocr_line' id='line_1_46' title="bbox 213 5045 3920 5117; baseline 0.003 -21"><span class='ocrx_word' id='word_1_587' title='bbox 213 5057 293 5111; x_wconf 83' lang='lat'><strong><em>25.</em></strong></span> <span class='ocrx_word' id='word_1_588' title='bbox 329 5045 626 5111; x_wconf 87' lang='lat' dir='ltr'>nonnulii]</span> <span class='ocrx_word' id='word_1_589' title='bbox 662 5048 728 5099; x_wconf 89' lang='lat' dir='ltr'>P.</span> <span class='ocrx_word' id='word_1_590' title='bbox 766 5047 1013 5110; x_wconf 79' lang='lat' dir='ltr'>nonull13</span> <span class='ocrx_word' id='word_1_591' title='bbox 1052 5050 1126 5099; x_wconf 89' lang='lat' dir='ltr'>R.</span> <span class='ocrx_word' id='word_1_592' title='bbox 1154 5048 1417 5099; x_wconf 89' lang='lat' dir='ltr'>nonnulli</span> <span class='ocrx_word' id='word_1_593' title='bbox 1443 5066 1530 5098; x_wconf 79' lang='lat' dir='ltr'>ma</span> <span class='ocrx_word' id='word_1_594' title='bbox 1554 5064 1652 5099; x_wconf 78' lang='lat' dir='ltr'>con</span> <span class='ocrx_word' id='word_1_595' title='bbox 1673 5050 1728 5098; x_wconf 76' lang='lat' dir='ltr'>il</span> <span class='ocrx_word' id='word_1_596' title='bbox 1741 5049 1958 5100; x_wconf 71' lang='lat' dir='ltr'>secondo</span> <span class='ocrx_word' id='word_1_597' title='bbox 1984 5064 2022 5098; x_wconf 93' lang='lat' dir='ltr'>n</span> <span class='ocrx_word' id='word_1_598' title='bbox 2049 5056 2267 5115; x_wconf 67' lang='lat' dir='ltr'>espsnto</span> <span class='ocrx_word' id='word_1_599' title='bbox 2291 5077 2359 5087; x_wconf 92' lang='lat'>—</span> <span class='ocrx_word' id='word_1_600' title='bbox 2388 5047 2476 5099; x_wconf 87' lang='lat'><strong><em>26.</em></strong></span> <span class='ocrx_word' id='word_1_601' title='bbox 2503 5046 2674 5114; x_wconf 83' lang='lat' dir='ltr'>arcis]</span> <span class='ocrx_word' id='word_1_602' title='bbox 2708 5049 2777 5101; x_wconf 88' lang='lat' dir='ltr'><strong><em>P.</em></strong></span> <span class='ocrx_word' id='word_1_603' title='bbox 2802 5062 2960 5112; x_wconf 78' lang='lat' dir='ltr'>arce3</span> <span class='ocrx_word' id='word_1_604' title='bbox 2999 5051 3073 5101; x_wconf 91' lang='lat' dir='ltr'><strong><em>R.</em></strong></span> <span class='ocrx_word' id='word_1_605' title='bbox 3092 5051 3176 5101; x_wconf 85' lang='grc' dir='ltr'>Μ.</span> <span class='ocrx_word' id='word_1_606' title='bbox 3211 5052 3330 5101; x_wconf 80' lang='lat' dir='ltr'>arci</span> <span class='ocrx_word' id='word_1_607' title='bbox 3365 5078 3431 5089; x_wconf 90' lang='lat'><strong>—</strong></span> <span class='ocrx_word' id='word_1_608' title='bbox 3463 5062 3549 5117; x_wconf 80' lang='lat'><strong><em>27.</em></strong></span> <span class='ocrx_word' id='word_1_609' title='bbox 3573 5052 3920 5107; x_wconf 80' lang='lat' dir='ltr'>calumnian-</span> 
     </span>
    </p>

    <p class='ocr_par' dir='ltr' id='par_1_14' title="bbox 110 5134 3919 5289">
     <span class='ocr_line' id='line_1_47' title="bbox 110 5134 3919 5208; baseline 0.004 -27"><span class='ocrx_word' id='word_1_610' title='bbox 110 5146 163 5182; x_wconf 92' lang='lat' dir='ltr'>1o</span> <span class='ocrx_word' id='word_1_611' title='bbox 212 5134 371 5201; x_wconf 87' lang='lat' dir='ltr'>tium]</span> <span class='ocrx_word' id='word_1_612' title='bbox 411 5138 483 5188; x_wconf 93' lang='lat' dir='ltr'><strong><em>L.</em></strong></span> <span class='ocrx_word' id='word_1_613' title='bbox 522 5136 973 5202; x_wconf 82' lang='lat' dir='ltr'>calupniantium</span> <span class='ocrx_word' id='word_1_614' title='bbox 1011 5164 1078 5174; x_wconf 88' lang='lat'>—</span> <span class='ocrx_word' id='word_1_615' title='bbox 1118 5136 1303 5201; x_wconf 87' lang='lat'><strong><em>27-28.</em></strong></span> <span class='ocrx_word' id='word_1_616' title='bbox 1338 5136 1760 5203; x_wconf 83' lang='lat' dir='ltr'>indignatione]</span> <span class='ocrx_word' id='word_1_617' title='bbox 1799 5139 1874 5189; x_wconf 90' lang='lat' dir='ltr'><strong><em>R.</em></strong></span> <span class='ocrx_word' id='word_1_618' title='bbox 1896 5138 1956 5190; x_wconf 94' lang='lat' dir='ltr'><strong><em>S.</em></strong></span> <span class='ocrx_word' id='word_1_619' title='bbox 1992 5138 2414 5205; x_wconf 78' lang='lat' dir='ltr'>indiguistione</span> <span class='ocrx_word' id='word_1_620' title='bbox 2449 5166 2515 5175; x_wconf 91' lang='lat'><strong>—</strong></span> <span class='ocrx_word' id='word_1_621' title='bbox 2556 5150 2640 5206; x_wconf 92' lang='lat'><strong><em>29.</em></strong></span> <span class='ocrx_word' id='word_1_622' title='bbox 2665 5136 2976 5205; x_wconf 86' lang='lat' dir='ltr'>incertum]</span> <span class='ocrx_word' id='word_1_623' title='bbox 3012 5139 3081 5189; x_wconf 93' lang='lat' dir='ltr'><strong><em>L.</em></strong></span> <span class='ocrx_word' id='word_1_624' title='bbox 3110 5141 3347 5191; x_wconf 85' lang='lat' dir='ltr'>martem</span> <span class='ocrx_word' id='word_1_625' title='bbox 3374 5168 3441 5178; x_wconf 90' lang='lat'><em>-</em></span> <span class='ocrx_word' id='word_1_626' title='bbox 3468 5152 3554 5206; x_wconf 84' lang='grc' dir='ltr'><strong>3ο.</strong></span> <span class='ocrx_word' id='word_1_627' title='bbox 3580 5141 3705 5208; x_wconf 92' lang='lat' dir='ltr'>nec]</span> <span class='ocrx_word' id='word_1_628' title='bbox 3742 5144 3816 5194; x_wconf 90' lang='lat' dir='ltr'><strong><em>R.</em></strong></span> <span class='ocrx_word' id='word_1_629' title='bbox 3837 5145 3919 5196; x_wconf 89' lang='grc' dir='ltr'><strong>Μ.</strong></span> 
     </span>
     <span class='ocr_line' id='line_1_48' title="bbox 211 5219 3919 5289; baseline 0.003 -20"><span class='ocrx_word' id='word_1_630' title='bbox 211 5234 381 5285; x_wconf 86' lang='lat' dir='ltr'>neque</span> <span class='ocrx_word' id='word_1_631' title='bbox 405 5246 430 5259; x_wconf 92' lang='lat'><strong>·</strong></span> <span class='ocrx_word' id='word_1_632' title='bbox 454 5219 954 5286; x_wconf 82' lang='lat' dir='ltr'>committendum]</span> <span class='ocrx_word' id='word_1_633' title='bbox 982 5221 1051 5272; x_wconf 91' lang='lat' dir='ltr'><strong><em>L.</em></strong></span> <span class='ocrx_word' id='word_1_634' title='bbox 1076 5221 1554 5273; x_wconf 87' lang='lat' dir='ltr'>commictendum</span> <span class='ocrx_word' id='word_1_635' title='bbox 1590 5248 1656 5260; x_wconf 93' lang='lat'><em>-</em></span> <span class='ocrx_word' id='word_1_636' title='bbox 1695 5232 1785 5286; x_wconf 85' lang='lat'><strong><em>31.</em></strong></span> <span class='ocrx_word' id='word_1_637' title='bbox 1806 5219 1972 5288; x_wconf 78' lang='lat' dir='ltr'>vero]</span> <span class='ocrx_word' id='word_1_638' title='bbox 2006 5223 2072 5274; x_wconf 89' lang='lat'><strong><em>0.</em></strong></span> <span class='ocrx_word' id='word_1_639' title='bbox 2097 5224 2288 5273; x_wconf 83' lang='lat' dir='ltr'>autem</span> <span class='ocrx_word' id='word_1_640' title='bbox 2312 5250 2380 5261; x_wconf 94' lang='grc'>-</span> <span class='ocrx_word' id='word_1_641' title='bbox 2405 5232 2493 5287; x_wconf 88' lang='grc'>32.</span> <span class='ocrx_word' id='word_1_642' title='bbox 2510 5221 2840 5289; x_wconf 83' lang='lat' dir='ltr'>auctoritas]</span> <span class='ocrx_word' id='word_1_643' title='bbox 2864 5221 2931 5275; x_wconf 91' lang='lat' dir='ltr'><strong><em>P.</em></strong></span> <span class='ocrx_word' id='word_1_644' title='bbox 2953 5224 3028 5275; x_wconf 94' lang='lat' dir='ltr'><strong><em>R.</em></strong></span> <span class='ocrx_word' id='word_1_645' title='bbox 3053 5224 3400 5287; x_wconf 78' lang='lat' dir='ltr'>authoritas3</span> <span class='ocrx_word' id='word_1_646' title='bbox 3443 5224 3500 5276; x_wconf 82' lang='lat' dir='ltr'><strong><em>V.</em></strong></span> <span class='ocrx_word' id='word_1_647' title='bbox 3522 5226 3605 5276; x_wconf 89' lang='grc' dir='ltr'>Μ.</span> <span class='ocrx_word' id='word_1_648' title='bbox 3630 5226 3919 5279; x_wconf 82' lang='lat' dir='ltr'>autoritas</span> 
     </span>
    </p>
   </div>
   <div class='ocr_carea' id='block_1_9' title="bbox 106 5409 4035 5741">
    <p class='ocr_par' dir='ltr' id='par_1_15' title="bbox 206 5409 4035 5655">
     <span class='ocr_line' id='line_1_49' title="bbox 376 5409 4035 5484; baseline 0.002 -19"><span class='ocrx_word' id='word_1_649' title='bbox 376 5409 395 5446; x_wconf 85' lang='lat'>¹</span> <span class='ocrx_word' id='word_1_650' title='bbox 434 5415 525 5466; x_wconf 78' lang='lat' dir='ltr'>La</span> <span class='ocrx_word' id='word_1_651' title='bbox 565 5414 789 5484; x_wconf 78' lang='lat' dir='ltr'>perdita</span> <span class='ocrx_word' id='word_1_652' title='bbox 825 5415 970 5469; x_wconf 78' lang='lat' dir='ltr'>della</span> <span class='ocrx_word' id='word_1_653' title='bbox 1005 5415 1304 5467; x_wconf 86' lang='lat' dir='ltr'>cittadella</span> <span class='ocrx_word' id='word_1_654' title='bbox 1339 5431 1599 5468; x_wconf 72' lang='lat' dir='ltr'>awenne</span> <span class='ocrx_word' id='word_1_655' title='bbox 1637 5417 1679 5468; x_wconf 91' lang='lat' dir='ltr'>il</span> <span class='ocrx_word' id='word_1_656' title='bbox 1713 5417 1748 5468; x_wconf 89' lang='grc'>6</span> <span class='ocrx_word' id='word_1_657' title='bbox 1773 5419 2006 5469; x_wconf 81' lang='lat' dir='ltr'>settem-</span> <span class='ocrx_word' id='word_1_658' title='bbox 2289 5412 2315 5449; x_wconf 83' lang='lat'>³</span> <span class='ocrx_word' id='word_1_659' title='bbox 2349 5417 2598 5470; x_wconf 81' lang='lat' dir='ltr'>Delato..</span> <span class='ocrx_word' id='word_1_660' title='bbox 2618 5452 2663 5471; x_wconf 94' lang='lat'>..</span> <span class='ocrx_word' id='word_1_661' title='bbox 2689 5417 2872 5469; x_wconf 70' lang='lat' dir='ltr'>datm</span> <span class='ocrx_word' id='word_1_662' title='bbox 2899 5417 2975 5483; x_wconf 80' lang='lat'><strong><em>(11.</em></strong></span> <span class='ocrx_word' id='word_1_663' title='bbox 3004 5416 3216 5482; x_wconf 83' lang='lat'><strong><em>22-31).</em></strong></span> <span class='ocrx_word' id='word_1_664' title='bbox 3251 5417 3326 5468; x_wconf 88' lang='lat' dir='ltr'>Al</span> <span class='ocrx_word' id='word_1_665' title='bbox 3350 5417 3543 5470; x_wconf 88' lang='lat' dir='ltr'>dolore</span> <span class='ocrx_word' id='word_1_666' title='bbox 3565 5433 3596 5471; x_wconf 87' lang='lat' dir='ltr'>e</span> <span class='ocrx_word' id='word_1_667' title='bbox 3624 5417 3913 5471; x_wconf 84' lang='lat' dir='ltr'>sli’incer·</span> <span class='ocrx_word' id='word_1_668' title='bbox 3965 5432 4035 5473; x_wconf 88' lang='lat'>20</span> 
     </span>
     <span class='ocr_line' id='line_1_50' title="bbox 206 5496 3910 5570; baseline 0.002 -25"><span class='ocrx_word' id='word_1_669' title='bbox 206 5496 296 5548; x_wconf 88' lang='lat' dir='ltr'>bre</span> <span class='ocrx_word' id='word_1_670' title='bbox 331 5496 682 5562; x_wconf 64' lang='lat' dir='ltr'>(Ssacsusr,</span> <span class='ocrx_word' id='word_1_671' title='bbox 739 5514 865 5564; x_wconf 81' lang='lat'><strong><em>1013</em></strong></span> <span class='ocrx_word' id='word_1_672' title='bbox 910 5501 1193 5563; x_wconf 69' lang='lat' dir='ltr'>Moamr,</span> <span class='ocrx_word' id='word_1_673' title='bbox 1237 5514 1333 5566; x_wconf 77' lang='lat'>123</span> <span class='ocrx_word' id='word_1_674' title='bbox 1369 5500 1655 5553; x_wconf 53' lang='lat' dir='ltr'>Sanum</span> <span class='ocrx_word' id='word_1_675' title='bbox 1694 5504 1756 5552; x_wconf 88' lang='lat' dir='ltr'>in</span> <span class='ocrx_word' id='word_1_676' title='bbox 1796 5503 2008 5553; x_wconf 79' lang='lat' dir='ltr'>Deliu&#39;e</span> <span class='ocrx_word' id='word_1_677' title='bbox 2114 5503 2267 5552; x_wconf 73' lang='lat' dir='ltr'>tesza</span> <span class='ocrx_word' id='word_1_678' title='bbox 2291 5502 2384 5552; x_wconf 84' lang='lat' dir='ltr'>dei</span> <span class='ocrx_word' id='word_1_679' title='bbox 2408 5502 2730 5554; x_wconf 83' lang='lat' dir='ltr'>Fiorentini</span> <span class='ocrx_word' id='word_1_680' title='bbox 2755 5517 2998 5554; x_wconf 84' lang='lat' dir='ltr'>aecenna</span> <span class='ocrx_word' id='word_1_681' title='bbox 3018 5503 3061 5553; x_wconf 89' lang='lat' dir='ltr'>il</span> <span class='ocrx_word' id='word_1_682' title='bbox 3082 5501 3375 5568; x_wconf 67' lang='lat' dir='ltr'>emon,</span> <span class='ocrx_word' id='word_1_683' title='bbox 3408 5517 3538 5570; x_wconf 86' lang='lat'><strong><em>1131</em></strong></span> <span class='ocrx_word' id='word_1_684' title='bbox 3562 5505 3634 5556; x_wconf 95' lang='lat' dir='ltr'><strong><em>D.</em></strong></span> <span class='ocrx_word' id='word_1_685' title='bbox 3673 5503 3758 5555; x_wconf 78' lang='lat' dir='ltr'>La</span> <span class='ocrx_word' id='word_1_686' title='bbox 3782 5517 3910 5555; x_wconf 88' lang='lat' dir='ltr'>sen·</span> 
     </span>
     <span class='ocr_line' id='line_1_51' title="bbox 206 5583 3913 5655; baseline 0.002 -24"><span class='ocrx_word' id='word_1_687' title='bbox 206 5585 327 5645; x_wconf 89' lang='lat' dir='ltr'>etc.,</span> <span class='ocrx_word' id='word_1_688' title='bbox 363 5584 578 5647; x_wconf 87' lang='lat' dir='ltr'>XVIII,</span> <span class='ocrx_word' id='word_1_689' title='bbox 617 5584 760 5651; x_wconf 83' lang='lat'><strong><em>242).</em></strong></span> <span class='ocrx_word' id='word_1_690' title='bbox 2112 5588 2277 5637; x_wconf 78' lang='lat' dir='ltr'>tensa</span> <span class='ocrx_word' id='word_1_691' title='bbox 2298 5583 2419 5637; x_wconf 85' lang='lat' dir='ltr'>suii’</span> <span class='ocrx_word' id='word_1_692' title='bbox 2438 5588 2747 5639; x_wconf 81' lang='lat' dir='ltr'>incertesza</span> <span class='ocrx_word' id='word_1_693' title='bbox 2769 5587 2911 5638; x_wconf 81' lang='lat' dir='ltr'>delia</span> <span class='ocrx_word' id='word_1_694' title='bbox 2935 5601 3139 5654; x_wconf 75' lang='lat' dir='ltr'>guerra.</span> <span class='ocrx_word' id='word_1_695' title='bbox 3164 5588 3389 5639; x_wconf 75' lang='lat' dir='ltr'>ricorde</span> <span class='ocrx_word' id='word_1_696' title='bbox 3413 5590 3565 5641; x_wconf 85' lang='lat' dir='ltr'>assai</span> <span class='ocrx_word' id='word_1_697' title='bbox 3589 5588 3630 5640; x_wconf 90' lang='lat' dir='ltr'>ll</span> <span class='ocrx_word' id='word_1_698' title='bbox 3654 5591 3913 5655; x_wconf 86' lang='lat' dir='ltr'>preoetto</span> 
     </span>
    </p>

    <p class='ocr_par' dir='ltr' id='par_1_16' title="bbox 106 5664 3914 5741">
     <span class='ocr_line' id='line_1_52' title="bbox 106 5664 3914 5741; baseline 0.002 -23"><span class='ocrx_word' id='word_1_699' title='bbox 106 5672 157 5725; x_wconf 82' lang='lat'>15</span> <span class='ocrx_word' id='word_1_700' title='bbox 374 5664 399 5699; x_wconf 77' lang='lat'>²</span> <span class='ocrx_word' id='word_1_701' title='bbox 434 5670 748 5723; x_wconf 53' lang='lat' dir='ltr'>Pisani...</span> <span class='ocrx_word' id='word_1_702' title='bbox 776 5671 1039 5733; x_wconf 71' lang='lat' dir='ltr'>possessio</span> <span class='ocrx_word' id='word_1_703' title='bbox 1077 5670 1154 5736; x_wconf 84' lang='lat' dir='ltr'>(li.</span> <span class='ocrx_word' id='word_1_704' title='bbox 1200 5670 1365 5737; x_wconf 86' lang='lat'><strong><em>1·21).</em></strong></span> <span class='ocrx_word' id='word_1_705' title='bbox 1438 5672 1467 5722; x_wconf 87' lang='grc' dir='ltr'>Ι</span> <span class='ocrx_word' id='word_1_706' title='bbox 1505 5672 1834 5741; x_wconf 77' lang='lat' dir='ltr'>particolar-i</span> <span class='ocrx_word' id='word_1_707' title='bbox 1871 5672 2010 5724; x_wconf 86' lang='lat' dir='ltr'>sulla</span> <span class='ocrx_word' id='word_1_708' title='bbox 2114 5668 2174 5721; x_wconf 91' lang='lat' dir='ltr'>di</span> <span class='ocrx_word' id='word_1_709' title='bbox 2209 5668 2365 5722; x_wconf 88' lang='lat' dir='ltr'>Gino</span> <span class='ocrx_word' id='word_1_710' title='bbox 2401 5671 2456 5722; x_wconf 80' lang='lat' dir='ltr'>al</span> <span class='ocrx_word' id='word_1_711' title='bbox 2490 5671 2646 5740; x_wconf 82' lang='lat' dir='ltr'>figllo</span> <span class='ocrx_word' id='word_1_712' title='bbox 2682 5671 2850 5722; x_wconf 76' lang='lat' dir='ltr'>Neri:</span> <span class='ocrx_word' id='word_1_713' title='bbox 2889 5670 3001 5722; x_wconf 77' lang='lat' dir='ltr'>“Si</span> <span class='ocrx_word' id='word_1_714' title='bbox 3028 5670 3203 5721; x_wconf 88' lang='lat' dir='ltr'>debbe</span> <span class='ocrx_word' id='word_1_715' title='bbox 3224 5670 3512 5736; x_wconf 86' lang='lat' dir='ltr'>piuttosto</span> <span class='ocrx_word' id='word_1_716' title='bbox 3537 5674 3855 5740; x_wconf 85' lang='lat' dir='ltr'>sottoporsi</span> <span class='ocrx_word' id='word_1_717' title='bbox 3877 5686 3914 5726; x_wconf 83' lang='lat' dir='ltr'>a</span> 
     </span>
    </p>
   </div>
   <div class='ocr_carea' id='block_1_10' title="bbox 202 5751 4034 6076">
    <p class='ocr_par' dir='ltr' id='par_1_17' title="bbox 202 5751 4034 5994">
     <span class='ocr_line' id='line_1_53' title="bbox 203 5751 3915 5824; baseline 0.005 -24"><span class='ocrx_word' id='word_1_718' title='bbox 203 5751 425 5814; x_wconf 79' lang='lat' dir='ltr'>perdita</span> <span class='ocrx_word' id='word_1_719' title='bbox 463 5751 610 5802; x_wconf 74' lang='lat' dir='ltr'>dena</span> <span class='ocrx_word' id='word_1_720' title='bbox 643 5753 930 5805; x_wconf 76' lang='lat' dir='ltr'>cittadeua</span> <span class='ocrx_word' id='word_1_721' title='bbox 962 5757 1011 5806; x_wconf 78' lang='grc' dir='ltr'>ιι</span> <span class='ocrx_word' id='word_1_722' title='bbox 1047 5758 1293 5807; x_wconf 69' lang='lat' dir='ltr'>trenno</span> <span class='ocrx_word' id='word_1_723' title='bbox 1330 5759 1472 5807; x_wconf 78' lang='lat' dir='ltr'>tutti</span> <span class='ocrx_word' id='word_1_724' title='bbox 1509 5757 1599 5808; x_wconf 74' lang='lat' dir='ltr'>nei</span> <span class='ocrx_word' id='word_1_725' title='bbox 1636 5755 1930 5819; x_wconf 68' lang='lat' dir='ltr'>eurem,</span> <span class='ocrx_word' id='word_1_726' title='bbox 1970 5757 2009 5806; x_wconf 75' lang='grc' dir='ltr'>ιι</span> <span class='ocrx_word' id='word_1_727' title='bbox 2115 5754 2145 5783; x_wconf 78' lang='lat'>⁴¹</span> <span class='ocrx_word' id='word_1_728' title='bbox 2162 5755 2431 5821; x_wconf 75' lang='lat' dir='ltr'>pericoio,</span> <span class='ocrx_word' id='word_1_729' title='bbox 2479 5755 2582 5807; x_wconf 76' lang='lat' dir='ltr'>che</span> <span class='ocrx_word' id='word_1_730' title='bbox 2632 5754 2868 5824; x_wconf 63' lang='lat' dir='ltr'>pignere</span> <span class='ocrx_word' id='word_1_731' title='bbox 2915 5767 3132 5820; x_wconf 70' lang='lat' dir='ltr'>guerra.</span> <span class='ocrx_word' id='word_1_732' title='bbox 3172 5751 3374 5821; x_wconf 66' lang='lat' dir='ltr'>perche</span> <span class='ocrx_word' id='word_1_733' title='bbox 3409 5754 3452 5807; x_wconf 83' lang='lat' dir='ltr'>ss</span> <span class='ocrx_word' id='word_1_734' title='bbox 3485 5754 3597 5807; x_wconf 81' lang='lat' dir='ltr'>fine</span> <span class='ocrx_word' id='word_1_735' title='bbox 3645 5754 3841 5809; x_wconf 63' lang='lat' dir='ltr'>d&#39;em</span> <span class='ocrx_word' id='word_1_736' title='bbox 3883 5754 3915 5810; x_wconf 72' lang='grc' dir='ltr'>δ</span> 
     </span>
     <span class='ocr_line' id='line_1_54' title="bbox 202 5832 4034 5914; baseline 0.004 -31"><span class='ocrx_word' id='word_1_737' title='bbox 202 5832 359 5898; x_wconf 84' lang='lat' dir='ltr'>quale</span> <span class='ocrx_word' id='word_1_738' title='bbox 396 5834 564 5902; x_wconf 82' lang='lat' dir='ltr'>paria</span> <span class='ocrx_word' id='word_1_739' title='bbox 597 5835 787 5901; x_wconf 82' lang='lat' dir='ltr'>prima.</span> <span class='ocrx_word' id='word_1_740' title='bbox 820 5835 913 5888; x_wconf 89' lang='lat' dir='ltr'>dei</span> <span class='ocrx_word' id='word_1_741' title='bbox 950 5838 1150 5889; x_wconf 87' lang='lat' dir='ltr'>tlmori</span> <span class='ocrx_word' id='word_1_742' title='bbox 1187 5839 1250 5890; x_wconf 88' lang='lat' dir='ltr'>di</span> <span class='ocrx_word' id='word_1_743' title='bbox 1288 5837 1443 5890; x_wconf 87' lang='lat' dir='ltr'>Gino</span> <span class='ocrx_word' id='word_1_744' title='bbox 1481 5854 1584 5907; x_wconf 90' lang='lat' dir='ltr'>per</span> <span class='ocrx_word' id='word_1_745' title='bbox 1626 5838 1681 5889; x_wconf 82' lang='lat' dir='ltr'>la</span> <span class='ocrx_word' id='word_1_746' title='bbox 1728 5853 1871 5905; x_wconf 81' lang='lat' dir='ltr'>poca</span> <span class='ocrx_word' id='word_1_747' title='bbox 1909 5854 2007 5890; x_wconf 78' lang='lat' dir='ltr'>va·</span> <span class='ocrx_word' id='word_1_748' title='bbox 2115 5838 2516 5910; x_wconf 71' lang='lat' dir='ltr'>‘impossibile</span> <span class='ocrx_word' id='word_1_749' title='bbox 2567 5857 2602 5893; x_wconf 80' lang='lat' dir='ltr'>s</span> <span class='ocrx_word' id='word_1_750' title='bbox 2653 5843 3051 5910; x_wconf 86' lang='lat' dir='ltr'>comprendere</span> <span class='ocrx_word' id='word_1_751' title='bbox 3071 5879 3102 5910; x_wconf 57' lang='lat'><em>9</em></span> <span class='ocrx_word' id='word_1_752' title='bbox 3153 5839 3325 5907; x_wconf 86' lang='lat' dir='ltr'><strong><em>(RR.</em></strong></span> <span class='ocrx_word' id='word_1_753' title='bbox 3373 5844 3458 5894; x_wconf 88' lang='lat' dir='ltr'><strong><em>II.</em></strong></span> <span class='ocrx_word' id='word_1_754' title='bbox 3515 5843 3643 5906; x_wconf 72' lang='lat' dir='ltr'>SS„</span> <span class='ocrx_word' id='word_1_755' title='bbox 3701 5844 3914 5910; x_wconf 85' lang='lat' dir='ltr'>XVIII,</span> <span class='ocrx_word' id='word_1_756' title='bbox 3970 5855 4034 5914; x_wconf 74' lang='grc'><strong>23</strong></span> 
     </span>
     <span class='ocr_line' id='line_1_55' title="bbox 202 5913 2299 5994; baseline 0.006 -28"><span class='ocrx_word' id='word_1_757' title='bbox 202 5913 370 5969; x_wconf 77' lang='lat' dir='ltr'>lentis</span> <span class='ocrx_word' id='word_1_758' title='bbox 406 5917 506 5970; x_wconf 86' lang='lat' dir='ltr'>dei</span> <span class='ocrx_word' id='word_1_759' title='bbox 542 5917 822 5971; x_wconf 82' lang='lat' dir='ltr'>difensori</span> <span class='ocrx_word' id='word_1_760' title='bbox 848 5918 1018 5986; x_wconf 84' lang='lat'><strong><em>(1130</em></strong></span> <span class='ocrx_word' id='word_1_761' title='bbox 1034 5920 1183 5988; x_wconf 84' lang='lat' dir='ltr'>A-B)</span> <span class='ocrx_word' id='word_1_762' title='bbox 1208 5937 1240 5974; x_wconf 89' lang='lat' dir='ltr'>e</span> <span class='ocrx_word' id='word_1_763' title='bbox 1264 5936 1411 5991; x_wconf 86' lang='lat' dir='ltr'>poeo</span> <span class='ocrx_word' id='word_1_764' title='bbox 1435 5924 1590 5991; x_wconf 87' lang='lat' dir='ltr'>dopo</span> <span class='ocrx_word' id='word_1_765' title='bbox 1613 5937 1781 5976; x_wconf 78' lang='lat' dir='ltr'>narra</span> <span class='ocrx_word' id='word_1_766' title='bbox 1803 5924 1859 5975; x_wconf 82' lang='lat' dir='ltr'>la</span> <span class='ocrx_word' id='word_1_767' title='bbox 1881 5937 2006 5991; x_wconf 88' lang='lat' dir='ltr'>per·</span> <span class='ocrx_word' id='word_1_768' title='bbox 2122 5925 2299 5994; x_wconf 84' lang='grc'><strong>1150).</strong></span> 
     </span>
    </p>

    <p class='ocr_par' dir='ltr' id='par_1_18' title="bbox 202 6000 1225 6076">
     <span class='ocr_line' id='line_1_56' title="bbox 202 6000 1225 6076; baseline 0.008 -23"><span class='ocrx_word' id='word_1_769' title='bbox 202 6000 315 6054; x_wconf 74' lang='lat' dir='ltr'>dita</span> <span class='ocrx_word' id='word_1_770' title='bbox 353 6005 504 6057; x_wconf 84' lang='lat' dir='ltr'>della</span> <span class='ocrx_word' id='word_1_771' title='bbox 541 6006 829 6057; x_wconf 83' lang='lat' dir='ltr'>cittadeila</span> <span class='ocrx_word' id='word_1_772' title='bbox 868 6005 1030 6074; x_wconf 83' lang='lat'><strong><em>(1131</em></strong></span> <span class='ocrx_word' id='word_1_773' title='bbox 1056 6007 1225 6076; x_wconf 84' lang='lat' dir='ltr'><strong><em>A-B).</em></strong></span> 
     </span>
    </p>
   </div>
  </div>
 </body>
</html>
