4823 7100
453 965 606 1012 Mus..
643 963 718 1005 1⁸0

528 1828 567 1858 C.
597 1824 721 1865 357

530 2885 711 2931 ⁶255!

736 4650 803 4687 10

745 5607 815 5645 20

742 6031 811 6091 25

871 456 972 539 26

2185 456 2680 544 MATTHEI
2733 458 3247 545 PALMERII

867 741 1173 796 extrema
1213 729 1611 798 imminente
1655 731 2085 812 necessitate,
2131 751 2268 820 que
2310 732 2447 798 iam
2492 733 2563 799 in
2608 754 2955 820 perpenso
3002 746 3170 813 erat,
3217 734 3573 822 Johannes
3619 733 4103 818 Gambacurta,
4150 734 4225 800 in
4286 732 4559 799 civitate

865 835 1212 923 princeps,
1261 838 1637 903 secundm
1682 836 2094 905 Florentinis
2137 837 2383 905 obtulit
2430 838 2854 907 deditionem
2881 838 2921 919 ¹,
2975 840 3170 907 cuius
3214 840 3573 908 tracumde
3622 860 3831 907 causa
3873 839 4154 919 Bindus,
4202 837 4557 928 cognomi·

865 953 1065 1009 natus
1105 941 1401 1022 Bracha,
1448 941 1612 1010 Gini
1670 942 2184 1010 tabernaculum
2243 955 2449 1011 nocte
2496 943 2902 1032 intempesta
2960 945 3292 1013 introibat
3335 942 3738 1034 habitoque'
3805 944 4152 1032 colloquio
4214 965 4560 1033 nunquam

866 1047 1224 1115 incenatus
1268 1047 1521 1127 abibat,
1568 1067 1772 1115 orans
1814 1047 2097 1135 insuper
2139 1070 2392 1136 panem
2438 1071 2666 1130 unum,
2727 1050 3019 1136 penurie
3081 1050 3404 1137 profecto
3446 1050 3710 1117 urbane
3753 1051 4177 1119 verissimum
4236 1050 4559 1118 indicem.

866 1152 965 1221 At
1007 1175 1279 1241 semper
1323 1153 1456 1220 fuit
1499 1152 1822 1221 habunde
1868 1152 2171 1221 exhibita
2216 1175 2410 1240 cena,
2457 1154 2656 1242 panis
2700 1175 2869 1223 vero
2916 1174 3268 1243 nunquam
3314 1157 3515 1224 datus
3539 1154 3584 1225 ².

1050 1260 1302 1328 Paucis
1347 1260 1677 1327 collocuti
1722 1261 1988 1341 diebus,
2033 1261 2233 1327 simul
2282 1275 2756 1330 convenerunt
2800 1275 2870 1330 et
2915 1262 3351 1331 conditiones
3393 1264 3748 1331 firmarunt
3768 1263 3817 1342 ³,
3864 1285 4151 1353 quarum
4212 1263 4565 1350 exemplar

866 1367 1023 1435 fuit:
1087 1367 1438 1454 Johannes
1496 1364 1961 1434 Gambacurta
2002 1367 2313 1453 pisanam
2372 1367 2616 1434 urbem
2676 1368 2749 1433 in
2804 1367 3148 1436 florentini
3207 1369 3447 1455 populi
3506 1381 3915 1456 potestatem
3974 1369 4291 1456 proximo
4339 1368 4563 1436 triduo

866 1476 1113 1542 tradat.
1205 1473 1609 1552 Florentini,
1654 1484 1949 1560 accepta
1994 1473 2187 1553 urbe,
2233 1474 2734 1565 quinquaginta
2777 1474 2965 1540 milia
3008 1475 3446 1564 dragmarum
3492 1475 3639 1542 auri
3686 1475 4153 1545 Gambacurte
4187 1476 4562 1544 exsolvant.

864 1579 1256 1648 Dominium
1303 1589 1620 1667 preterea
1662 1580 1859 1647 vallis
1902 1579 2150 1646 Balnei
2197 1581 2768 1670 oppidorumque,
2816 1602 2951 1670 que
2996 1580 3070 1647 in
3115 1600 3200 1648 ea
3244 1594 3419 1661 sunt,
3468 1582 3694 1650 eidem
3739 1584 3929 1663 dent,
3975 1584 4045 1649 in
4090 1603 4228 1671 qua
4285 1582 4438 1669 ipse
4499 1594 4568 1651 et

866 1688 975 1754 sui
1021 1687 1185 1754 olim
1230 1686 1376 1754 nati
1422 1684 1549 1753 sub
1595 1685 2144 1754 Florentinorum
2190 1686 2404 1754 tutela
2448 1687 2908 1755 dominentur.
2999 1687 3284 1755 Federis
3342 1687 3591 1776 viginti
3636 1688 3914 1756 obsides
3958 1689 4332 1769 adducant,
4394 1708 4567 1776 quos
4613 1690 4681 1755 10

868 1794 1135 1863 Lucas'
1181 1794 1576 1873 Fiescanus,
1621 1792 1862 1860 militie
1906 1793 2254 1879 princeps,
2300 1793 2377 1859 in
2421 1793 2612 1881 Ripe
2659 1796 2908 1862 Fracte
2954 1814 3118 1860 arce
3163 1794 3350 1862 bona
3391 1795 3530 1861 fide
3577 1795 3939 1863 custodiat.

1043 1901 1262 1969 Ginus
1307 1900 1530 1968 statim
1577 1911 1735 1987 post
1778 1899 1936 1978 hec,
1982 1898 2407 1967 Florentiam
2457 1900 2548 1967 ad
2594 1899 3027 1967 decemviros
3072 1901 3381 1989 collegas
3424 1921 3582 1969 suos
3625 1901 4005 1988 profectus,
4052 1901 4344 1970 contulit
4395 1920 4564 1970 rem.
4663 1968 4668 1973 .

865 2008 1130 2076 Decem
1176 2026 1345 2096 ergo
1390 2006 1537 2086 viri,
1586 2005 1750 2072 licet
1793 2026 2035 2092 parum
2080 2024 2156 2072 se
2203 2005 2383 2073 tueri
2426 2004 2717 2073 Pisanos
2770 2026 2974 2094 posse
3036 2018 3227 2075 certo
3288 2007 3549 2075 scirent
3607 2018 3678 2075 et
3737 2008 4027 2074 maxime
4087 2008 4571 2076 deficientibus

865 2114 1270 2204 necessarijs
1313 2112 1451 2180 vite
1496 2111 1836 2203 subsidijs,
1882 2112 2345 2179 decreverunt
2389 2124 2617 2178 tamen
2663 2112 3115 2180 salubriorem
3146 2133 3293 2181 esse
3325 2113 3506 2181 viam
3535 2114 3734 2182 Pisas
3763 2114 4087 2202 accipere
4118 2136 4326 2205 quam
4354 2137 4571 2203 expu-

862 2243 1079 2312 gnare
1096 2219 1144 2287 ⁴.
1205 2219 1365 2286 Tali
1394 2219 1587 2286 facto
1619 2229 1962 2305 concepto
1994 2217 2087 2283 ad
2115 2217 2390 2284 Priores
2432 2216 2727 2300 Artium,
2758 2240 3091 2285 summum
3135 2232 3367 2287 nostre
3397 2220 3776 2307 reipublice
3806 2221 4299 2311 magistratum,
4330 2241 4571 2290 acces-
4620 2219 4685 2287 15

865 2349 1019 2395 sere
1065 2326 1475 2413 intentisque
1521 2325 1615 2392 ad
1659 2324 2078 2391 audiendum
2122 2323 2366 2389 animis
2409 2324 2546 2391 hec
2589 2325 2805 2392 verba
2849 2325 3121 2392 fecere:
3170 2324 3439 2392 Auctor
3473 2327 3773 2393 omnium
3803 2327 4013 2414 Deus,
4043 2340 4275 2414 patres
4305 2329 4570 2407 summi,

864 2433 1191 2501 concedit
1232 2432 1428 2499 Pisas
1470 2442 1735 2498 vestras
1781 2449 1951 2497 esse.
2044 2428 2139 2496 Vi
2184 2450 2273 2495 an
2317 2430 2644 2516 pactione
2689 2452 2841 2497 eam
2897 2431 3139 2498 urbem
3184 2432 3457 2513 malitis,
3511 2432 3586 2498 in
3629 2445 3856 2499 vestra
3916 2446 4020 2499 est
4077 2445 4453 2519 potestate3
4516 2434 4576 2500 si

866 2541 1210 2628 pactione,
1255 2537 1375 2627 qui
1418 2550 1726 2625 possunt,
1773 2535 2158 2604 volentibus
2202 2535 2425 2617 vobis,
2474 2538 2892 2617 concedunt,
2939 2539 2998 2605 si
3043 2540 3134 2618 vi,
3161 2538 3522 2606 certissimi
3564 2559 3796 2606 sumus
3840 2537 4128 2605 Pisanos
4158 2539 4309 2607 dies
4337 2538 4575 2628 proxi-

865 2667 1016 2715 mos
1060 2647 1307 2713 decem
1351 2644 1560 2711 vitam
1608 2655 1678 2711 et
1724 2642 2073 2711 civitatem
2116 2654 2355 2709 tenere
2399 2664 2546 2710 non
2589 2663 2818 2730 posse.
2909 2645 3344 2735 Magnopere
3403 2644 3610 2734 igitur
3669 2646 4354 2713 animadvertendum
4419 2666 4574 2714 esse

867 2772 1225 2822 censemus
1273 2753 1363 2819 de
1406 2751 1518 2818 his
1564 2749 1851 2830 duobus,
1899 2749 2067 2838 quid
2109 2748 2400 2837 eligatis.
2491 2749 2651 2816 Pise
2698 2770 2840 2817 non
2886 2751 3479 2819 consentientibus
3534 2750 3800 2818 Pisanis
3843 2751 4082 2819 invase
4110 2753 4279 2819 fient
4309 2752 4570 2821 bellica
4609 2755 4683 2819 20

864 2860 1105 2948 preda.
1198 2857 1671 2937 Considerate,
1717 2856 1909 2944 quod
1940 2854 2195 2921 bellica
2237 2856 2464 2942 preda
2511 2856 2625 2922 fiet
2684 2858 2969 2944 populo,
3032 2857 3278 2943 opibus
3340 2872 3412 2925 et
3471 2859 3783 2944 potentia
3846 2857 4226 2925 clarissima
4286 2858 4575 2926 civitas)

865 2964 1062 3046 Quid
1107 2965 1394 3031 effrenis
1436 2963 1731 3032 victoria
1773 2963 1955 3030 ferat
1998 2980 2127 3048 per
2172 2961 2466 3049 cupidos
2510 2963 2693 3030 viros
2737 2963 3078 3032 bellorum
3110 2976 3425 3031 auctores
3454 2964 3797 3030 nefarium
3831 2976 3936 3031 est
3967 2964 4221 3046 dicere,
4250 2966 4381 3033 sed
4410 2966 4582 3033 talia

865 3085 1043 3153 sunt,
1088 3083 1166 3139 ut
1208 3091 1351 3139 non
1395 3070 1616 3137 solum
1659 3069 1735 3135 in
1781 3088 2011 3135 rerum
2058 3066 2494 3155 publicarum
2543 3068 2865 3136 civilibus
2909 3069 3205 3157 populis,
3254 3093 3498 3137 verum
3547 3071 3754 3137 etiam
3799 3070 3873 3137 in
3916 3072 4231 3160 tyrannis
4259 3092 4405 3139 non
4455 3094 4580 3139 ne·

866 3179 1164 3248 cessario
1211 3177 1402 3243 facta
1443 3177 1741 3244 maxime
1787 3173 2406 3262 reprehendantur.
2499 3174 2577 3242 Si
2624 3175 3108 3244 conventionis
3153 3176 3351 3265 sequi
3396 3178 3579 3244 viam
3629 3177 3836 3243 vultis
3897 3188 4104 3266 atque
4165 3178 4574 3257 concordie,

868 3287 1030 3355 licet
1072 3285 1508 3363 intemerata,
1554 3294 1630 3349 ut
1674 3282 1775 3350 ita
1819 3281 2076 3360 dicam,
2122 3281 2420 3348 victoria
2463 3280 2601 3359 uti3
2647 3280 2799 3349 sine
2845 3283 3086 3369 preda,
3131 3283 3284 3350 sine
3333 3282 3705 3371 incendijs,
3750 3283 3904 3351 sine
3954 3285 4151 3364 cede,
4210 3285 4364 3351 sine
4428 3287 4573 3352 ullo
4617 3284 4690 3351 25

865 3394 1146 3481 penitus
1189 3390 1479 3458 crimine
1523 3390 1914 3478 damnoque
1960 3399 2190 3455 vestra
2233 3388 2370 3454 erit
2416 3387 2845 3457 nobilissima
2889 3390 3139 3457 civitas
3150 3415 3170 3468 3
3220 3392 3412 3478 quod
3442 3390 3721 3479 quidem
3755 3401 3952 3458 certo
4001 3390 4349 3458 credimus
4380 3395 4580 3479 apud

864 3501 1088 3567 Deum
1131 3498 1588 3586 hominesque
1619 3496 1795 3565 bene
1827 3496 2074 3564 merito
2107 3494 2551 3582 comprobari
2570 3493 2615 3564 ⁵.
2705 3497 2835 3563 His
2864 3495 3073 3564 rebus
3103 3497 3360 3577 relatis,
3395 3494 3672 3565 Priores
3701 3497 3824 3564 leti
3858 3508 3930 3566 et
3973 3517 4098 3585 spe
4144 3497 4330 3566 bona
4377 3500 4580 3587 pleni

861 3604 1177 3696 Collegia
1220 3604 1557 3673 accersiri
1601 3624 1900 3693 propere
1947 3604 2185 3673 iubent
2230 3616 2299 3673 et
2346 3626 2504 3672 cum
2550 3603 2663 3670 his
2706 3616 3052 3691 spectatos
3098 3602 3436 3692 quosdam
3481 3605 3556 3671 in
3589 3603 3945 3692 republica
3975 3605 4179 3685 viros,
4214 3625 4392 3693 quos
4422 3605 4582 3675 ido-

1036 3891 1081 3928 1.
1120 3874 1473 3942 immiuente]
1521 3877 1586 3928 0.
1623 3875 1896 3926 lminente
1932 3900 1957 3913 -
1992 3874 2088 3938 qui
2125 3872 2284 3925 iam..
2310 3909 2322 3923 .
2347 3909 2359 3923 .

2399 3870 2544 3938 erat]
2584 3875 2666 3924 M
2705 3888 2855 3924 amm.
2883 3898 2908 3911 -
2936 3868 3247 3939 johannes]
3305 3873 3363 3924 S.
3393 3875 3465 3924 R.
3497 3873 3776 3938 Joannes;
3830 3873 4193 3940 V.Jovannea
4228 3902 4294 3912 —
4338 3885 4390 3925 2.
4417 3873 4580 3926 dedi·

864 3959 1103 4027 tionem]
1156 3961 1214 4013 V.
1252 3960 1360 4012 ded
1395 3960 1737 4012 deditionem
1771 3984 1797 3999 -
1830 3956 2026 4023 causa]
2062 3960 2123 4008 in
2162 3959 2220 4008 C.
2246 3974 2307 4008 su
2344 3959 2518 4008 litura
2546 3986 2611 3995 —-
2649 3971 2699 4023 3.
2725 3955 2965 4023 Bracha]
3007 3958 3079 4007 R.
3118 3956 3328 4021 Braca3
3378 3958 3440 4009 V.
3475 3958 3661 4023 Bau-ga
3695 3984 3762 3995 —
3803 3975 3852 4022 4.
3892 3954 4157 4022 indicem]
4198 3956 4258 4009 S.
4298 3957 4581 4009 indicium

865 4074 931 4085 -
970 4052 1021 4110 5.
1055 4041 1339 4109 habunde]
1378 4044 1416 4094 l.
1437 4044 1505 4095 L.
1525 4045 1593 4095 P.
1626 4045 1682 4095 V.
1705 4044 1778 4093 R.
1795 4044 1878 4094 Μ.
1898 4042 1958 4094 S.
2008 4040 2232 4094 abunde
2281 4070 2347 4079 —
2382 4039 2436 4091 6.
2473 4040 2762 4106 collocuti]
2805 4041 2869 4092 0.
2894 4041 2979 4091 Μ.
3017 4039 3366 4107 colloquut13
3404 4039 3462 4090 S.
3509 4040 3801 4093 collocutis
3838 4066 3862 4078 -
3895 4037 4282 4107 conditiones]
4331 4042 4399 4093 Θ.
4437 4057 4579 4093 con·

862 4129 1140 4182 dictiones
1165 4156 1231 4167 -··
1259 4135 1308 4193 7.
1339 4125 1649 4194 johannes]
1692 4126 1751 4179 S.
1772 4128 1845 4177 R.
1857 4126 2140 4192 joannen
2177 4125 2233 4176 V.
2254 4125 2544 4191 Jovannes
2571 4153 2636 4162 —
2662 4123 2713 4176 8.
2753 4121 2930 4189 milia]
2973 4123 3030 4174 V.
3047 4125 3113 4174 P.
3136 4126 3209 4175 R.
3230 4125 3313 4176 M.
3350 4125 3526 4177 mima
3551 4150 3574 4163 ·
3616 4121 3997 4193 dragmarum]
4024 4124 4082 4176 S.
4121 4125 4484 4191 dragmatum
4512 4154 4576 4163 —-

871 4226 951 4266 10.
990 4211 1238 4279 Federis]
1278 4213 1343 4262 P.
1381 4210 1604 4263 Federis
1640 4223 1809 4262 causa
1847 4239 1913 4249 —
1958 4221 2038 4260 12.
2075 4206 2233 4274 suos]
2272 4210 2338 4259 P.
2376 4224 2530 4260 omm-
2559 4235 2625 4243 —
2669 4221 2750 4274 13.
2789 4206 2953 4274 ergo]
2992 4209 3065 4259 R.
3104 4223 3252 4259 omn.
3280 4235 3304 4246 -
3340 4208 3581 4259 Pisanos
3617 4206 3806 4276 posse]
3845 4208 4022 4258 ΕΜ
4062 4221 4228 4276 posse
4263 4207 4514 4260 Pisanos
4554 4233 4576 4246 -

861 4295 1045 4364 certo]
1082 4297 1142 4349 S.
1176 4296 1329 4347 certe
1367 4320 1391 4333 ·
1426 4293 1837 4362 deficientibus]
1890 4294 1948 4346 V.
1986 4292 2391 4344 defficientibus
2431 4319 2497 4330 -
2542 4306 2620 4357 14.
2659 4288 3014 4358 necessariis]
3066 4293 3142 4345 R.
3177 4291 3262 4342 Μ.
3313 4307 3465 4343 omn.
3505 4320 3570 4330 —
3616 4289 3698 4342 16.
3732 4289 3939 4358 fecere]
3970 4292 4329 4359 lm’rutelligile
4365 4293 4426 4342 in
4461 4295 4579 4357 M„-

864 4383 903 4433 11
938 4383 1099 4434 Mun.
1136 4386 1358 4445 suppose
1390 4377 1544 4431 fuere
1583 4404 1607 4417 ·
1643 4376 1885 4444 Auctor]
1921 4378 1988 4427 P.
2027 4375 2256 4428 Author
2292 4405 2358 4414 —
2401 4385 2483 4442 17.
2520 4374 2802 4440 concedit]
2842 4376 2917 4425 R.
2954 4377 3231 4427 concedat
3267 4401 3290 4415 ·
3328 4374 3562 4440 malitis]
3615 4377 3689 4427 R.
3726 4390 3879 4427 omn.
3917 4404 3984 4414 —-
4032 4376 4115 4428 18.
4151 4374 4272 4442 qui]
4323 4374 4384 4425 V.
4421 4392 4577 4428 ona.

863 4492 888 4510 «-
921 4463 996 4531 si]
1036 4465 1216 4517 AM.
1253 4466 1345 4516 1111
1383 4493 1449 4502 -
1491 4477 1571 4529 19.
1608 4460 1749 4527 ease]
1787 4464 1861 4513 R.
1883 4462 1963 4511 Μ.
1985 4476 2137 4512 onam.
2174 4487 2240 4497 —
2281 4472 2364 4510 21.
2390 4459 2759 4512 considerate.
2783 4495 2795 4508 .
2818 4494 2832 4509 .
2856 4495 2868 4509 .
2907 4457 3103 4525 preda]
3140 4461 3200 4510 in
3238 4460 3295 4511 S.
3323 4461 3596 4526 aggs'unta
3621 4460 3950 4522 postm'or05
3986 4461 4068 4511 M.
4094 4471 4246 4510 onan.
4274 4484 4296 4497 -
4332 4457 4576 4528 populo]

862 4553 948 4603 M.
984 4548 1229 4618 populus
1254 4574 1278 4585 -
1300 4546 1525 4615 opibus]
1550 4548 1636 4597 M.
1662 4547 1970 4615 opibusque
1991 4573 2056 4582 —
2079 4558 2163 4596 22.
2188 4542 2469 4609 auctores]
2494 4546 2563 4595 P.
2588 4544 2854 4595 authores
2873 4569 2896 4581 -
2915 4542 3218 4609 nefarium]
3250 4545 3315 4595 0.
3342 4544 3700 4612 nepharium3
3727 4545 3793 4594 P.
3818 4542 4038 4596 nefarie
4063 4572 4130 4581 —
4156 4557 4241 4610 24.
4268 4544 4575 4612 reprehen-

866 4631 1099 4698 dantur]
1139 4634 1177 4683 l.
1215 4630 1694 4700 reprehenduntur
1730 4656 1754 4667 -
1788 4625 2219 4693 conventionis]
2257 4629 2327 4680 L.
2363 4627 2797 4680 convenctionis
2836 4658 2900 4666 —
2942 4637 3027 4692 25.
3066 4626 3226 4693 11οε1]
3275 4628 3339 4678 Ο.
3378 4642 3529 4678 omm.
3569 4653 3592 4665 -
3630 4626 3894 4693 victoria]
3936 4628 4004 4677 P.
4041 4626 4340 4679 victoriam
4381 4655 4450 4665 —-
4491 4626 4576 4679 26.

865 4715 1073 4783 vestra]
1109 4718 1169 4767 iu
1218 4715 1275 4768 V.
1311 4717 1544 4780 njpauto
1581 4714 1683 4766 due
1715 4715 1864 4765 volte
1898 4741 1963 4750 —
2002 4723 2088 4777 27.
2125 4709 2291 4777 bene]
2328 4713 2397 4763 P.
2436 4726 2586 4763 omn.
2624 4738 2649 4750 ·
2683 4710 2900 4777 relatis]
2937 4713 3006 4762 L.
3043 4710 3212 4762 relati
3249 4737 3273 4749 ·
3308 4708 3387 4776 et]
3426 4712 3500 4762 R.
3536 4725 3602 4763 ac
3640 4740 3706 4749 —
3742 4712 3829 4764 28.
3867 4709 4158 4777 quosdam]
4199 4712 4274 4762 R.
4292 4712 4382 4764 M.
4419 4727 4576 4762 onan.

1044 4922 1065 4958 ¹
1099 4925 1147 4976 11
1184 4924 1474 4987 Carrom,
1517 4925 1651 4988 1138
1673 4926 1742 4987 D,
1772 4923 1889 4974 dice
1915 4922 2114 4974 emersi
2141 4921 2351 4988 riprese
2377 4921 2428 4973 le
2455 4923 2662 4973 tratta-

867 5010 985 5061 tive
1021 5008 1166 5061 nella
1201 5008 1448 5062 secondo.
1483 5004 1635 5058 meta
1669 5007 1728 5058 di
1753 5006 2069 5058 settembre.
2108 5006 2219 5057 Dai
2250 5006 2502 5072 Capitol<
2519 5006 2669 5055 della

865 5108 987 5144 resa
1022 5092 1086 5142 de·
1117 5092 1251 5142 Pisa
1289 5088 1598 5160 pubblicati
1624 5088 1716 5139 dal
1742 5086 2087 5150 0011221111,
2130 5100 2250 5152 141,
2286 5087 2340 5137 si
2375 5085 2665 5155 appr-ende

867 5177 969 5228 che
1004 5177 1044 5227 11
1078 5176 1348 5227 mandato
1386 5173 1444 5224 di
1496 5175 1739 5224 trattare
1776 5170 1839 5222 fu
1881 5172 2166 5223 rilasciato
2203 5171 2260 5223 ai
2298 5171 2665 5225 Commissari

867 5261 1156 5313 florentini
1196 5259 1233 5308 11
1272 5271 1340 5324 24
1377 5256 1694 5308 settembre.

1041 5340 1065 5377 ²
1105 5345 1224 5395 Hac
1246 5344 1646 5394 memm....
1674 5340 1833 5392 datus
1851 5339 1946 5406 (da
1967 5357 2022 5409 p.
2046 5353 2132 5407 25,
2150 5343 2189 5395 1.
2211 5355 2335 5407 30a
2360 5357 2414 5411 p.
2438 5339 2586 5408 26,1.
2611 5341 2665 5410 5)

863 5424 936 5480 cf.
974 5427 1265 5488 CAPPom,
1308 5424 1445 5489 1138
1464 5424 1611 5477 C-D.

1043 5511 1220 5564 Come
1256 5509 1519 5562 abbiamo
1557 5511 1843 5561 avvertito
1880 5511 2039 5562 nella
2072 5510 2420 5578 prefazione,
2448 5511 2489 5562 11
2524 5511 2666 5563 Par.-

865 5608 1042 5646 umx
1077 5608 1109 5644 e
1144 5594 1186 5644 11
1223 5593 1495 5646 ΟΑΡΡΟΜ
1534 5594 1770 5645 identici
1806 5595 1953 5646 nella
2001 5599 2256 5647 sostanza
2306 5596 2666 5647 differiscono

863 5680 1009 5732 nella
1055 5679 1450 5745 disposizione
1498 5679 1650 5745 degli
1700 5679 2090 5731 avvenimentl
2133 5679 2471 5731 interceduti
2520 5680 2663 5731 dalle

865 5765 1168 5816 trattassve
1202 5778 1311 5815 eon
1348 5761 1532 5814 Bindo
1569 5763 1705 5814 delle
1740 5764 1954 5815 Brache
1989 5762 2085 5816 all'
2100 5767 2357 5831 ingresso
2401 5765 2497 5816 dei
2533 5765 2668 5816 Flo-

866 5849 1089 5901 rentini.
1112 5863 1149 5901 a
1170 5849 1322 5900 Pisa.
1384 5846 1622 5901 L'quca
1646 5848 2003 5917 dincrepanza
2027 5864 2161 5901 vera
2186 5854 2277 5901 tra
2300 5850 2323 5900 1
2348 5850 2456 5901 due
2479 5852 2667 5902 consi-

862 5936 951 5986 ste
988 5934 1052 5985 111
1086 5931 1200 5997 cio,
1221 5933 1324 5985 che
1361 5933 1514 5986 Gino
1551 5931 1796 5984 secondo
1834 5934 1875 5984 11
1911 5932 2183 5985 ΟΛΡΡΟΝι
2210 5932 2355 5986 ando
2381 5933 2490 5986 due
2515 5935 2667 5985 volte

864 6028 899 6068 a
932 6014 1188 6078 Fir-ense,
1224 6014 1276 6066 la
1314 6014 1504 6083 prima
1537 6027 1640 6082 per
1677 6014 1895 6083 parlare
1942 6016 2035 6066 001
2084 6015 2329 6082 colleghi
2381 6011 2549 6083 (1139
2570 6014 2665 6081 A),

2771 4918 2960 4971 l’altra
2995 4934 3096 4985 per
3130 4920 3257 4971 fare
3281 4933 3565 4988 approvar
3599 4918 3877 4970 l’accordo
3913 4918 4009 4971 dai
4032 4919 4264 4985 signori
4290 4919 4464 4987 (1140
4482 4919 4579 4985 A),

2770 5005 2988 5054 mentre
3025 5004 3066 5053 11
3101 5004 3406 5055 Panum
3442 5002 3692 5055 riunlsce
3727 5005 3789 5054 111
3826 5016 3940 5053 una
3972 5002 4026 5054 le
4063 5004 4174 5055 due
4208 5004 4348 5072 gite.

2949 5082 2975 5120 ⁸
3011 5089 3102 5139 Da
3136 5102 3252 5140 una
3289 5087 3659 5156 provvlsione
3696 5086 3785 5138 del
3822 5100 3886 5138 21
3927 5089 4151 5139 ottobre
4193 5086 4330 5155 1406
4368 5085 4580 5152 (Con-

2773 5171 2958 5240 slgli
3014 5171 3396 5240 maggiori,
3424 5173 3503 5222 ad
3523 5187 3733 5234 annum,
3759 5187 3806 5221 c.
3841 5170 3961 5237 191)
3987 5171 4037 5223 si
4063 5171 4237 5223 rileva
4263 5186 4418 5224 esser
4441 5172 4576 5223 stati

2770 5257 2958 5308 stretti
2995 5257 3014 5306 1
3050 5258 3192 5323 patti
3241 5270 3441 5326 presso
3476 5258 3611 5309 Pisa
3651 5256 3690 5308 il
3725 5270 3758 5322 3
3805 5257 4034 5308 ottobre
4081 5253 4176 5320 (cf.
4219 5254 4576 5318 Comznu,

2777 5353 2893 5406 140,
2943 5356 3000 5391 n.
3051 5340 3121 5406 1).
3195 5340 3698 5410 L'approvazione
3735 5339 3826 5391 dei
3867 5338 4090 5407 Collegi
4125 5341 4358 5392 dovette
4393 5354 4577 5391 essere

2774 5425 2918 5477 dello
2944 5427 3124 5476 stesso
3150 5425 3354 5492 giorno
3378 5439 3413 5475 o
3433 5424 3522 5476 del
3545 5425 3753 5490 giorno
3778 5426 4066 5491 seguente,
4085 5437 4147 5474 se
4173 5423 4192 5473 i
4220 5422 4385 5474 Dleci
4410 5424 4467 5475 la
4484 5437 4580 5473 co·

2771 5512 3146 5560 municavano
3172 5523 3275 5575 per
3298 5523 3481 5560 mezzo
3508 5509 3568 5560 (11
3606 5509 3759 5561 Gino
3797 5508 3913 5575 1311
3950 5507 4080 5559 altri
4121 5505 4490 5559 Commium-i
4531 5507 4572 5556 ii

2773 5595 3055 5660 4ottobre
3079 5595 3212 5644 bora
3229 5593 3374 5660 xviij
3402 5592 3633 5658 (Dieci
3672 5594 3745 5644 di
3780 5589 3997 5657 balla,
4023 5609 4142 5659 reg.
4170 5593 4282 5654 cit„
4309 5606 4359 5642 c.
4397 5603 4493 5656 123
4508 5590 4577 5656 t).

2947 5674 2971 5711 ⁴
3007 5678 3324 5731 Pauci-n...
3386 5684 3694 5744 expugnare
3756 5675 3844 5742 (11.
3898 5675 4070 5744 6·15)
4132 5675 4208 5728 cf.
4276 5677 4575 5738 curem,

2778 5763 2991 5829 1139A
3026 5777 3058 5813 e
3098 5761 3237 5827 1138
3256 5762 3322 5813 E.

2951 5843 2975 5879 ⁶
3026 5848 3157 5897 Tali
3173 5847 3369 5916 sacto.
3387 5879 3429 5900 ..
3447 5881 3461 5899 .
3489 5847 3822 5912 comprobari
3841 5844 3919 5913 (n.
3959 5845 4144 5914 1547)
4179 5846 4257 5900 cf.
4284 5848 4574 5908 car-pom,

2779 5947 2933 6001 1140,
2960 5933 3123 5998 13-03
3159 5948 3261 6002 per
3296 5935 3321 5985 1
3355 5934 3632 6001 vantaggi
3668 5934 3730 5984 di
3764 5934 4008 6000 prender
4043 5935 4175 5989 Pisa
4210 5948 4380 5987 senza
4417 5933 4575 6003 por-la

2775 6034 2811 6072 a
2843 6032 3004 6071 sacco
3043 6018 3174 6070 vedi
3210 6018 3386 6072 anche
3428 6017 3569 6084 1138
3587 6018 3654 6070 Ε.

4637 1154 4670 1221 5

4632 5271 4696 5324 30

4631 5683 4692 5739 35
