4823 7100
1171 486 1318 560 DE
1374 486 2083 562 CAPTIVITATE
2137 484 2610 561 PISARUM
2662 483 2977 559 LIBER
3826 483 3916 558 31

650 645 737 653 ..ιο-κ
753 645 854 653 Ἣιυ-
870 645 911 653 ι...
926 644 1095 653 asan-...uan-
1106 641 3124 652 mffl-fflW-*mu——*mmwmmmffl

246 754 477 823 multas
518 754 745 823 illatas
787 774 913 843 per
959 755 1169 846 longa
1212 766 1527 843 tempora
1575 755 1809 823 clades
1851 778 1895 823 a
1940 754 2392 824 barbarorum
2422 754 2684 844 inim-ijs
2711 756 3036 824 Romana
3080 753 3379 823 ecclesia
3419 753 3923 842 pontificesque

239 882 357 951 per
396 861 720 930 Carolum
763 861 1101 951 Magnum
1143 863 1216 930 in
1271 863 1629 950 pristinam
1689 863 2091 954 dignitatem
2153 862 2472 942 restituti,
2522 882 2678 929 cum
2723 861 2911 930 idem
2959 860 3254 931 Carolus
3299 859 3731 929 obliteratum
3786 858 3923 926 iam

243 969 442 1058 longo
487 981 801 1057 tempore
846 969 921 1035 in
967 969 1166 1037 Italia
1208 970 1607 1038 Romanum
1648 970 2123 1058 resumpsisset
2167 969 2563 1058 Imperium,
2609 968 3028 1037 Florentiam
3072 967 3341 1048 urbem,
3387 988 3523 1056 que
3582 988 3723 1034 una
3769 985 3926 1033 cum

244 1077 461 1144 Roma
504 1076 818 1143 desolata
859 1095 1042 1163 pene
1087 1077 1335 1156 fuerat,
1381 1098 1521 1144 una
1564 1096 1838 1165 quoque
1886 1076 2234 1164 reparavit
2255 1075 2296 1143 ¹.
2389 1075 2825 1143 Procedente
2873 1076 3129 1143 deinde
3158 1087 3491 1163 tempore,
3522 1094 3682 1141 cum
3710 1073 3954 1171 impe-=

173 1183 205 1249 5
242 1194 492 1249 ratores
536 1194 606 1250 et
651 1182 1013 1269 pontifices
1054 1182 1232 1250 inter
1276 1202 1353 1249 se
1401 1183 1491 1250 de
1532 1183 1814 1270 proprio
1863 1183 2011 1250 iure
2058 1183 2559 1252 contenderent
2606 1183 2875 1271 dueque
2923 1182 3087 1252 inde
3132 1181 3410 1249 diverse
3438 1181 3930 1249 suscitarentur

240 1288 585 1367 factiones,
639 1288 878 1356 Pisani
925 1289 1256 1357 continue
1297 1288 1847 1377 imperatoribus,
1909 1290 2285 1358 Florentini
2348 1309 2518 1357 vero
2576 1288 3021 1415 pontificibus
3072 1289 3494 1357 inheserunt.
3582 1285 3929 1355 Federico

238 1393 429 1483 igitur
470 1395 698 1482 primo
743 1395 943 1463 huius
989 1395 1319 1463 nominis·
1365 1395 1785 1483 imperatore
1829 1396 2191 1484 pontifices
2231 1408 2708 1485 persequente,
2753 1396 3088 1463 maximas
3131 1406 3289 1463 sunt
3320 1393 3702 1462 Florentini
3739 1392 3929 1460 cala-

236 1501 493 1569 mitates
534 1501 877 1590 perpessi,
922 1522 1049 1570 vos
1095 1522 1251 1569 cum
1297 1503 1715 1590 imperatore
1760 1524 2034 1591 semper
2076 1503 2184 1570 his
2230 1503 2427 1570 malis
2471 1504 2726 1571 nostris
2753 1503 2999 1570 armati
3030 1502 3347 1570 affuistis.
3436 1501 3661 1568 Natus
3705 1512 3812 1568 est
3841 1520 3931 1565 ex

238 1608 567 1676 Federico
613 1609 976 1689 Henricus,
1023 1621 1093 1676 et
1136 1622 1296 1697 post
1340 1630 1497 1676 eum
1542 1611 1888 1678 secundus
1935 1611 2335 1691 Federicus,
2379 1611 2580 1678 huius
2625 1609 2910 1677 Hem-ici
2953 1609 3154 1676 filius.
3243 1607 3371 1675 His
3400 1617 3780 1695 receptum,
3825 1606 3933 1674 his

142 1715 203 1780 10
241 1728 674 1794 commeatus,
719 1715 827 1782 his
871 1726 1171 1783 armatos
1214 1715 1463 1782 milites
1507 1727 1577 1783 et
1620 1736 1825 1783 omne
1868 1729 2168 1784 vestrum
2214 1715 2602 1784 subsidium
2647 1716 2718 1782 in
2764 1727 3069 1785 nostram
3112 1715 3483 1803 pernitiem
3516 1712 3918 1781 contulistis.

236 1820 376 1887 Hec
420 1822 669 1888 eadem
713 1821 1114 1900 Manfredo,
1161 1822 1640 1910 potentissimo
1687 1823 1836 1913 regi
1881 1824 2080 1891 huius
2124 1822 2423 1911 proximi
2467 1822 2790 1890 Federici
2833 1821 3000 1902 filio,
3046 1822 3179 1888 hec
3235 1820 3626 1890 Corradino
3688 1840 3928 1887 eorum

238 1929 464 2014 nepoti
512 1927 972 2016 omnibusque
1017 1927 1175 2017 alijs
1219 1928 1778 2016 persecutoribus
1822 1932 2093 2010 nostris,
2139 1930 2363 1998 studio
2408 1930 2629 2020 magis
2672 1929 3097 1996 diversarum
3139 1927 3434 2016 partium
3481 1948 3685 2016 quam
3742 1945 3933 1993 com·

238 2033 437 2101 modo
484 2034 719 2122 aliquo
760 2045 1013 2114 vestro,
1061 2033 1131 2101 in
1177 2047 1482 2101 nostram
1543 2034 2001 2104 calamitatem
2067 2035 2486 2104 exhibuistis.
2577 2035 2732 2101 Hac
2778 2035 3076 2122 denique
3137 2033 3431 2101 scelesta
3487 2032 3931 2120 nefandaque

239 2138 490 2207 familia
535 2141 734 2208 Italia
776 2153 1074 2232 purgata
1116 2153 1187 2208 et
1232 2159 1471 2210 eorum
1517 2141 1729 2229 stirpe
1776 2142 2030 2221 deleta,
2078 2163 2238 2210 cum
2281 2142 2583 2230 populus
2611 2153 2842 2209 noster
2874 2141 3056 2209 bona
3083 2161 3261 2228 pace
3293 2140 3681 2230 quiesceret
3711 2150 3781 2205 et
3810 2159 3933 2204 sua

149 2243 208 2310 15
247 2247 728 2335 tranquillitate
775 2258 1099 2328 uteretur,
1147 2248 1482 2316 continuo
1526 2247 1823 2336 populus
1868 2262 2101 2317 vester
2144 2249 2495 2338 vestrique
2539 2249 2813 2339 tyranni
2855 2248 3128 2316 infense
3175 2267 3303 2315 nos
3349 2258 3505 2313 sunt
3563 2243 3929 2333 persecuti.

236 2351 455 2419 Testis
501 2364 608 2420 est
649 2353 1051 2421 florentinus
1091 2352 1346 2443 ubique
1391 2372 1579 2443 ager,
1628 2355 1746 2443 qui
1791 2355 2169 2423 exercitum
2215 2355 2438 2442 pisani
2468 2354 2710 2442 populi
2739 2353 3076 2441 incendiis
3092 2355 3108 2386 '
3153 2366 3363 2442 atque
3391 2352 3648 2439 rapinis
3680 2360 3933 2418 cuncta

235 2470 609 2527 vastantem
652 2459 897 2528 iterum
945 2471 1015 2527 et
1058 2460 1287 2548 sepius
1330 2461 1509 2528 vidit
1518 2485 1537 2539 3
1586 2472 1794 2529 testes
1837 2473 1994 2528 sunt
2038 2461 2242 2528 amici
2285 2462 2521 2541 nostri,
2555 2460 2808 2549 quibus
2853 2460 2944 2527 ob
2992 2471 3292 2529 nostram
3339 2479 3615 2526 causam
3660 2477 3933 2545 semper

236 2692 363 2737 una
404 2671 483 2737 in
533 2684 839 2738 nostrum
872 2672 1123 2739 malum
1155 2672 1403 2739 armati
1435 2692 1709 2760 quoque
1743 2673 2114 2752 affueritis3
2148 2673 2346 2742 testis
2392 2683 2499 2740 est
2543 2674 2697 2760 ipsa
2724 2684 2959 2740 nostre
2993 2672 3286 2740 civitatis
3314 2671 3479 2739 urbs
3510 2671 3645 2738 iam
3676 2670 3935 2737 dudum

132 2776 201 2839 20
239 2776 458 2862 sepius
504 2776 751 2844 vestris
797 2797 1127 2864 oppressa
1172 2777 1422 2867 copijs3
1472 2789 1679 2845 testes
1724 2788 1884 2845 sunt
1926 2778 2113 2846 urbis
2157 2790 2381 2867 porte,
2429 2800 2564 2866 que
2612 2776 3208 2846 bellicosissimum
3255 2778 3596 2845 exercitus
3656 2777 3932 2856 ducem,

238 2881 730 2965 Castruccium,
775 2883 971 2951 Pisas
1015 2895 1367 2951 tenentem
1413 2884 1736 2951 secundis
1778 2906 1975 2952 usum
2019 2884 2263 2976 preIijs
2306 2884 2383 2951 in
2414 2905 2488 2952 se
2519 2896 2833 2951 ruentem
2878 2886 3144 2953 videre.
3235 2883 3513 2966 Quibus
3543 2881 3748 2950 bellis
3777 2902 3935 2948 cum

237 2988 404 3055 adeo
450 2989 663 3057 attriti
707 2991 983 3058 demum
1028 2989 1317 3071 fueritis,
1361 3002 1438 3058 ut
1465 2990 1617 3078 pari
1648 2991 1719 3058 vi
1747 3011 1994 3081 gerere
2025 2990 2381 3059 nobiscum
2413 2991 2672 3061 bellum
2703 3010 2845 3059 non
2875 2991 3254 3078 potueritis,
3280 2989 3661 3070 Galeactio,
3691 2999 3934 3077 poten-

238 3095 489 3164 n‘ssimo
536 3096 1160 3165 Mediolanensium
1206 3097 1373 3164 duci
1420 3096 1809 3165 libertatem
1852 3109 2154 3166 nostram
2202 3098 2593 3186 opprimere
2641 3098 2969 3185 cupienti,
3014 3097 3254 3166 urbem
3299 3107 3597 3165 vestram
3645 3115 3933 3164 conces-

236 3201 428 3282 sistis,
464 3214 538 3270 et
574 3225 662 3271 eo
707 3204 1000 3270 maxime
1047 3216 1358 3290 tempore
1407 3204 1865 3284 concessistis,
1890 3225 2029 3293 quo
2076 3205 2148 3270 in
2193 3205 2489 3272 adversa
2533 3204 2815 3272 fortuna
2858 3217 3091 3271 nostra
3133 3204 3281 3292 ipse
3326 3204 3625 3271 feliciter
3669 3211 3933 3291 egerat,

129 3305 197 3372 25
236 3328 362 3374 nec
405 3329 530 3376 sue
575 3310 884 3397 potentie
930 3329 1057 3376 nos
1101 3329 1309 3397 posse
1355 3310 1673 3378 resistere
1722 3311 2131 3380 credebatis.
2224 3309 2498 3389 Quibus
2542 3310 2955 3379 continuatis
2997 3322 3190 3378 tanto
3234 3323 3546 3398 tempore
3577 3309 3757 3400 odijs
3784 3307 3932 3374 illa·

235 3413 449 3501 tisque
482 3415 777 3505 iniurijs'
810 3427 1072 3482 certum
1108 3416 1670 3504 exploratumque
1701 3415 2030 3484 habemus
2057 3429 2362 3485 nostram
2396 3417 2744 3484 civitatem
2775 3437 3121 3504 nunquam
3169 3416 3470 3503 quietem
3501 3414 3928 3494 habituram‚'

234 3518 357 3587 nisi
401 3521 579 3590 urbe
622 3535 852 3590 vestra
896 3520 1166 3590 sublata
1210 3533 1329 3589 aut
1372 3533 1606 3589 nostre
1652 3522 1938 3590 dictioni
1981 3523 2335 3612 supposita
2349 3548 2367 3602 3
2418 3542 2708 3613 quorum
2769 3522 3061 3591 alterum
3122 3542 3281 3591 cum
3327 3521 3462 3590 iam
3508 3522 3769 3591 factum
3827 3519 3934 3602 sit,

234 3627 593 3695 nobiscum
639 3626 909 3697 debetis
953 3651 1091 3695 una
1134 3629 1489 3717 quiescere
1536 3640 1609 3697 et
1652 3629 2189 3698 dominationem
2236 3642 2543 3697 nostram
2586 3630 2866 3697 minime
2897 3630 3294 3697 formidare.
3357 3630 3548 3714 ‚Non
3580 3629 3761 3695 enim
3792 3628 3937 3695 vult

236 3733 635 3801 florentinus
680 3735 974 3822 populus
1018 3735 1264 3802 urbem
1310 3747 1606 3802 vestram
1636 3734 1893 3816 delere,
1924 3737 2051 3804 sed
2081 3736 2151 3803 in
2183 3736 2526 3817 omnibus,
2555 3749 2632 3803 ut
2664 3736 2959 3816 cernitis,
2996 3756 3429 3803 conservare.
3498 3735 3720 3803 Victis
3752 3734 3932 3801 enim

124 3839 197 3903 30
236 3839 446 3920 vobis,
493 3840 720 3928 preda
762 3839 950 3908 urbis
993 3841 1320 3909 militibus
1365 3841 1749 3910 debebatur
1791 3842 2118 3931 illamque
2164 3842 2331 3911 belii
2375 3844 2523 3910 iure
2569 3842 3050 3912 instantissime
3097 3841 3574 3929 deposcebant
3584 3867 3605 3920 3
3652 3861 3801 3921 nos,
3846 3860 3937 3905 ne

236 3958 492 4013 tantum
538 3946 793 4013 malum
837 3948 1034 4016 vobis
1078 3948 1453 4028 accideret,
1481 3932 2040 4036 procuravimus,
2088 3961 2186 4030 ut,
2217 3951 2602 4037 composita
2638 3971 2794 4017 cum
2826 3948 3294 4017 Gambacurta
3325 3949 3699 4029 deditione,
3731 3968 3938 4037 quam

236 4054 609 4121 necessitas
655 4054 1107 4133 concedebat,
1134 4054 1461 4122 militibus
1490 4056 1779 4143 predam
1809 4055 1954 4123 iure
1986 4057 2375 4124 vitaremus.
2470 4055 2688 4135 Quod
2718 4055 2815 4124 ita
2842 4056 3105 4123 factum
3137 4068 3263 4137 est,
3293 4067 3389 4136 ut,
3419 4055 3670 4122 victam
3700 4053 3942 4121 urbem

240 4169 335 4225 tot
377 4159 667 4227 militum
711 4159 983 4227 milibus
1029 4180 1189 4226 cum
1234 4160 1525 4229 victoria
1567 4160 2133 4251 ingredientibus,
2179 4163 2326 4230 sine
2371 4162 2513 4229 ulla
2542 4162 2816 4249 penitus
2845 4161 3089 4229 iniuria
3117 4181 3259 4229 non
3289 4161 3488 4228 aliter
3519 4182 3593 4228 se
3622 4160 3755 4246 ipsi
3784 4163 3941 4249 ges-

234 4265 437 4333 serint
482 4287 690 4354 quam
720 4265 778 4333 si
810 4266 1375 4335 continentissimi
1413 4267 1778 4335 christiane
1815 4268 2166 4357 religionis
2197 4268 2357 4335 viri'
2386 4269 2699 4336 fuissent.
2788 4268 2851 4334 E
2878 4287 3018 4357 quo
3049 4267 3330 4357 quidem
3360 4266 3709 4355 principio
3738 4285 3932 4355 spem

413 4550 460 4587 1.
501 4535 931 4605 pontificesque]
970 4536 1044 4588 R.
1080 4536 1439 4606 pontificibus
1477 4564 1543 4573 —
1583 4548 1633 4587 2.
1660 4532 1955 4600 Carolum]
1994 4535 2063 4586 L.
2100 4532 2377 4586 Karqum
2414 4557 2438 4571 ·
2478 4527 2751 4597 restituti]
2790 4532 2862 4584 R.
2883 4535 2967 4585 Μ.
2992 4531 3275 4585 restitutis
3308 4558 3333 4570 ·
3370 4529 3637 4598 Carolus]
3672 4533 3730 4584 C.
3758 4531 3937 4585 Caro-

235 4619 347 4683 los3
386 4622 457 4672 L.
498 4620 746 4673 Karolus
780 4645 804 4657 ·
842 4619 1234 4687 obliteratum]
1273 4622 1310 4670 I.
1332 4622 1401 4672 L.
1440 4619 1838 4672 oblicteratum
1877 4646 1943 4655 —
1983 4631 2032 4684 3.
2070 4617 2130 4666 in
2156 4616 2420 4668 Italia...
2442 4652 2455 4666 .
2492 4615 2816 4683 Imperium]
2858 4619 2925 4668 P.
2965 4615 3269 4682 Imperium
3301 4617 3621 4669 Romanum
3667 4616 3733 4666 in
3768 4615 3941 4668 Italia

234 4707 622 4772 resumpsisset
657 4729 682 4743 ·
715 4703 1123 4773 resumpsisset]
1164 4705 1223 4758 V.
1249 4706 1610 4771 resumpsisse
1633 4730 1699 4740 —
1728 4717 1777 4768 4.
1815 4699 2022 4766 Roma]
2063 4700 2135 4752 R.
2154 4703 2241 4753 Μ.
2278 4701 2538 4754 Romana
2564 4727 2587 4739 -
2612 4698 2839 4765 deinde]
2879 4702 2937 4753 V.
2965 4700 3097 4752 inde
3121 4727 3188 4738 —
3215 4700 3266 4751 6.
3293 4698 3648 4765 inheserunt]
3676 4698 3749 4750 R.
3774 4698 3946 4751 adhe·

230 4792 451 4853 serunt3
488 4791 577 4841 Μ.
613 4788 874 4840 adhesere
909 4815 976 4826 —
1016 4799 1066 4852 7.
1108 4786 1489 4856 persequente]
1529 4786 1602 4838 R.
1624 4789 1707 4838 Μ.
1747 4788 2117 4854 prosequente
2152 4812 2219 4823 —
2263 4797 2345 4836 ιο.
2371 4783 2733 4850 commeatus]
2773 4786 2948 4838 Rau.
2984 4786 3353 4838 commeatum
3380 4810 3403 4822 -
3428 4782 3753 4850 pernitiem]
3793 4780 3851 4834 V.
3873 4784 3942 4834 P.

153 4879 178 4933 5
234 4873 303 4923 R.
323 4875 410 4925 Μ.
449 4872 761 4942 perniciem
796 4899 863 4910 —
896 4885 976 4923 ι2.
1004 4870 1476 4942 persecutoribus]
1519 4872 1585 4924 O.
1621 4869 2111 4937 persequutoribus
2148 4894 2174 4909 -
2210 4866 2585 4933 diversarum]
2626 4871 2692 4920 P.
2717 4868 3080 4922 adversarum
3121 4897 3187 4907 —
3217 4882 3298 4935 13.
3323 4865 3678 4933 exhibuistis]
3727 4869 3792 4919 0.
3829 4869 3944 4919 exi·

231 4956 431 5007 buistis
469 4981 495 4995 ·
529 4954 674 5021 Hac]
724 4953 783 5006 V.
821 4956 972 5008 Haec
1008 4980 1033 4993 -
1070 4952 1447 5023 nefandaque]
1482 4956 1548 5006 0.
1574 4954 1981 5021 nephandaque
2007 4980 2074 4991 —
2105 4962 2187 5017 15.
2223 4950 2532 5017 continuo]
2571 4954 2655 5004 Μ.
2681 4954 2753 5004 R.
2791 4952 3064 5005 continue
3099 4975 3125 4989 ·
3159 4949 3417 5019 tyranni]
3458 4951 3524 5002 0.
3566 4950 3839 5018 tyramnig
3874 4952 3944 5002 P.

230 5040 446 5092 tiranni
489 5064 514 5077 -
547 5036 853 5107 persecuti]
889 5040 954 5090 0.
982 5042 1333 5106 persequuti,
1370 5038 1439 5088 P.
1475 5040 1761 5106 prosecuti
1786 5063 1854 5074 —
1886 5049 1968 5103 19.
1996 5038 2058 5088 in
2082 5039 2468 5087 nostrum....
2508 5032 2812 5100 affueritis]
2853 5037 2921 5087 P.
2947 5036 3152 5088 armati
3187 5048 3404 5101 quoque
3441 5037 3504 5085 in
3541 5036 3802 5086 nostr-mn
3828 5049 3946 5085 ma-

232 5123 346 5174 lum
380 5122 691 5175 affuissetis
724 5149 793 5160 —
832 5136 919 5174 21.
958 5125 1020 5174 in
1044 5137 1104 5175 se
1127 5121 1399 5188 ruentem]
1439 5124 1525 5174 Μ.
1560 5121 1949 5184 insenientem,
1986 5126 2218 5172 corretto
2254 5121 2356 5170 dal
2385 5119 2546 5171 Μυι.
2582 5120 2640 5170 in
2674 5119 3043 5171 insevientem
3079 5144 3146 5156 —
3184 5130 3270 5170 22.
3305 5117 3520 5184 attriti]
3574 5118 3632 5169 V.
3669 5118 3947 5170 atteriti-

233 5205 478 5272 demum]
522 5207 702 5258 ΒΑΜ.
749 5207 981 5259 tandem
1018 5231 1044 5245 ·
1080 5204 1395 5271 Galeactio]
1452 5205 1510 5256 V.
1534 5205 1603 5255 R.
1625 5207 1709 5257 Μ.
1760 5203 2022 5256 Galeatio
2060 5228 2129 5242 -
2166 5216 2251 5270 ²4·
2287 5208 2344 5255 et
2379 5218 2510 5255 eo..
2528 5239 2574 5256 ..
2612 5203 2995 5271 concessistis]
3035 5203 3100 5254 Ο.
3136 5217 3317 5264 ossus„
3306 5202 3414 5252 η’»
3449 5202 3510 5254 S.
3545 5203 3823 5268 aggima
3859 5202 3942 5252 is·

127 5303 182 5339 10
231 5292 525 5341 cartineam
562 5314 587 5327 -
624 5288 1012 5356 concessistis]
1062 5291 1119 5342 V.
1140 5292 1209 5341 P.
1231 5290 1304 5340 R.
1340 5304 1490 5341 om.
1518 5314 1542 5327 -
1566 5287 1836 5354 feliciter]
1873 5289 1939 5339 P.
1967 5286 2315 5339 infoeliciter
2352 5317 2419 5326 —
2461 5285 2544 5338 26.
2581 5285 2842 5355 quietem]
2881 5289 2965 5340 Μ.
3003 5286 3252 5354 quietam
3291 5313 3357 5323 —
3395 5292 3481 5350 27.
3520 5283 3791 5351 dictioni]
3816 5287 3855 5335 1.
3876 5287 3945 5337 L.

233 5373 291 5425 S.
308 5374 490 5425 ΚΑΙ.
517 5373 758 5436 dition13
798 5373 942 5425 V.P.
972 5373 1190 5425 dicioni
1215 5397 1240 5410 -
1262 5371 1576 5442 supposita]
1604 5373 1669 5423 O.
1697 5371 1988 5438 subposita
2024 5396 2091 5410 —
2130 5383 2216 5437 29.
2254 5372 2448 5423 urbem
2485 5369 2752 5436 vestram]
2791 5372 2864 5421 R.
2885 5371 2969 5421 Μ.
3007 5375 3245 5421 vestram
3281 5369 3471 5420 urbem
3509 5396 3575 5406 —
3610 5381 3697 5435 3²·
3735 5371 3947 5420 vitare-

230 5457 370 5525 mus]
419 5460 498 5509 R.
517 5459 605 5510 Μ.
655 5459 971 5509 vetaremus
1006 5482 1031 5495 -
1069 5456 1305 5524 victam]
1345 5458 1405 5510 S.
1444 5459 1653 5508 victam
1702 5461 1933 5509 coro-etto
1975 5456 2035 5506 in
2072 5458 2316 5508 vestram
2355 5482 2421 5493 —
2459 5469 2546 5522 33.
2582 5452 2834 5520 milibus]
2888 5456 2944 5506 V.
2969 5455 3039 5505 P.
3068 5454 3139 5504 R.
3166 5454 3249 5504 Μ.
3287 5452 3542 5504 millibus
3577 5476 3601 5490 ·
3637 5450 3720 5519 se]
3759 5453 3829 5504 L.
3864 5453 3946 5518 εἰς

233 5544 314 5593 M.
348 5558 420 5595 ac
459 5544 516 5592 si
550 5570 618 5580 —
660 5553 744 5607 34.
783 5542 830 5593 E
866 5539 1006 5608 quo]
1054 5543 1117 5593 0.
1155 5555 1405 5608 aequu03
1433 5540 1492 5591 S.
1517 5555 1695 5607 aequo

232 5705 259 5734 ‘¹
280 5709 395 5759 tem
421 5721 715 5760 murorum
751 5705 960 5758 evertit
995 5705 1257 5772 civesque
1289 5706 1443 5756 varie
1468 5703 1707 5755 iactavit
1729 5706 1788 5755 et
1823 5701 2042 5754 desola·
2150 5699 2179 5729 “
2200 5701 2371 5754 Italia
2405 5702 2723 5752 Romanum
2759 5699 3058 5767 Imperium
3077 5702 3395 5769 resumpsit.
3430 5698 3694 5764 Carolus,
3720 5703 3944 5768 recepto

127 5807 179 5862 ις
231 5790 258 5819 ‘¹
279 5795 395 5843 tam
423 5792 655 5859 penitus
680 5806 745 5843 ac
768 5792 895 5844 sine
931 5791 1054 5843 ullo
1090 5790 1413 5843 habitatore
1448 5788 1782 5855 dereliquit3
1810 5788 2041 5856 parique
2149 5784 2178 5814 “
2204 5785 2569 5854 imperatorio
2604 5786 2848 5848 nomine,
2884 5800 3012 5836 cum
3053 5785 3113 5835 in
3149 5784 3402 5837 Galliam
3429 5786 3816 5846 reverteretur,
3839 5799 3936 5851 per
4003 5802 4072 5841 2ο

230 5875 257 5903 ”
276 5875 514 5926 feritate
551 5874 874 5926 Florentiae
910 5874 971 5925 in
1011 5875 1242 5926 Etruria
1279 5873 1518 5925 deseviit
1542 5907 1570 5937 „
1608 5870 1767 5937 (Cod.
1804 5871 1934 5937 cst).
2151 5869 2181 5898 ‘¹
2206 5870 2490 5920 Etruriam
2527 5871 2815 5921 transiens
2861 5868 2924 5920 in
2972 5868 3296 5921 memoriam
3330 5870 3589 5937 acceptae
3640 5868 3947 5933 dignitatis

407 5954 429 5991 ¹
468 5958 555 6008 Id.
594 5958 668 6008 id.
716 5958 792 6009 ad
839 5973 890 6010 a.
929 5959 1064 6011 θοις
1116 5956 1146 5985 ‘¹
1179 5956 1421 6009 Carolus
1457 5970 1492 6007 a
1531 5957 1723 6007 Leone
1773 5953 2043 6023 pontifice
2151 5952 2181 5982 ‘¹
2204 5954 2552 6006 Florentiam
2588 5953 2781 6005 urbem
2819 5969 3024 6023 magua
3058 5969 3125 6005 ex
3159 5956 3319 6022 parte
3361 5952 3666 6005 desolatam
3715 5965 3941 6020 repara-

230 6041 257 6070 ⁴
280 6044 582 6112 Augustus
616 6044 702 6095 est
733 6041 1058 6112 appellatus
1105 6044 1164 6094 et
1211 6042 1581 6093 obliteratum
1631 6040 1742 6093 iarn
1784 6054 1930 6108 pene
1976 6043 2040 6093 in
2148 6037 2178 6067 “
2201 6040 2291 6089 vit
2325 6039 2433 6090 etc.
2460 6072 2489 6103 ‚
2526 6038 2682 6107 (cod.
2721 6035 2851 6104 eia).
2955 6082 2964 6094 .

4078 1421 4118 1452 c.
4151 1416 4254 1459 028

4080 2381 4121 2413 C.
4152 2379 4267 2419 05?

4078 3404 4245 3490 ilua..
4281 3446 4350 3485 1⁹1

4082 4298 4121 4329 e.
4156 4298 4265 4336 ur
