4823 7100
812 464 857 536 4
2127 456 2626 534 MATTHE1
2677 456 3191 533 PALMERII

2062 614 3788 626 ...μμ-..ΜΨ

982 722 1318 791 Veritatis
1361 724 1684 813 profecto
1738 723 2205 813 cognitionem
2273 725 2444 791 dant
2507 734 2841 811 tempora,
2904 723 3094 811 quod
3154 724 3605 791 ostendentes
3663 731 3876 811 poete
3936 723 4270 811 temporis
4326 722 4513 790 illam

810 842 1015 920 atque
1061 830 1283 900 noctis
1328 831 1534 899 filiam
1581 832 1864 899 finxere.
1956 831 2101 912 Qui
2145 830 2359 919 igitur
2416 841 2812 918 temporum
2875 842 2947 897 et
3007 853 3239 898 rerum
3296 841 3643 921 gestarum
3698 828 4168 920 cognitionem
4227 830 4508 910 habent,

808 936 1021 1005 facile
1066 938 1425 1006 veritatem
1471 937 1857 1027 intelligunt
1903 950 1974 1006 et
2018 936 2392 1026 prudentia
2438 950 2774 1026 rectoque
2819 936 3086 1004 iudicio
3134 936 3479 1004 clarorum
3525 937 3880 1004 hominum
3926 936 4120 1004 facta
4163 935 4388 1005 metiri
4442 949 4513 1004 et

805 1043 1089 1112 consilio
1138 1056 1347 1134 atque
1393 1046 1738 1112 sententia
1780 1043 2172 1134 gubernare
2222 1042 2719 1133 rempublicam
2764 1056 3071 1133 possunt.

983 1151 1185 1219 Hanc
1230 1152 1375 1219 vite
1421 1152 1832 1230 doctrinam,
1878 1173 2015 1240 qua
2056 1151 2376 1219 homines
2422 1150 2680 1219 ceteris
2724 1149 3113 1218 hominibus
3156 1162 3489 1239 prestant,
3549 1149 3861 1230 historia,
3922 1173 4058 1239 que
4120 1160 4228 1218 est
4286 1172 4515 1217 rerum
4594 1152 4627 1217 5

807 1269 1153 1346 gestarum
1197 1258 1543 1348 magistra,
1591 1258 1878 1346 exponit
1925 1270 2133 1347 atque
2181 1258 2605 1325 demonstrat
2645 1256 3155 1345 alacrioresque
3185 1277 3316 1325 nos
3345 1258 3438 1324 ad
3466 1256 3965 1345 rempublicam
3997 1256 4515 1325 defendendam

515 1396 554 1426 c.
585 1395 612 1426 a
640 1390 661 1426 e
811 1376 882 1431 et
922 1383 1209 1452 magnas
1250 1386 1362 1432 res
1404 1367 1747 1456 gerendas
1792 1364 1971 1432 facit
2017 1374 2088 1432 et
2134 1365 2226 1431 ad
2266 1385 2381 1432 res
2426 1364 2777 1458 improbas
2821 1362 3214 1453 segniores!

983 1471 1211 1538 Multa
1257 1471 1441 1539 enim
1491 1484 1648 1539 sunt
1693 1495 1828 1561 que
1874 1471 2072 1540 nobis
2116 1483 2384 1561 prestat
2428 1470 2734 1550 historia,
2783 1470 2894 1537 cui
2940 1490 3082 1538 non
3126 1469 3293 1538 satis
3338 1482 3442 1538 est
3489 1472 3678 1558 quod
3723 1470 3988 1538 factum
4031 1470 4125 1539 sit
4173 1491 4521 1550 enarrare,

809 1579 938 1645 sed
985 1577 1245 1644 addere
1293 1578 1501 1646 etiam
1548 1578 1785 1659 debet,
1837 1599 1975 1667 qua
2020 1579 2315 1657 ratione,
2367 1577 2620 1665 quibus
2666 1575 2986 1665 consiliis,
3031 1596 3173 1665 quo
3232 1589 3569 1665 tempore,
3628 1599 3758 1665 per
3817 1597 3991 1665 qnos
4050 1587 4121 1645 et
4171 1579 4523 1665 quomodo

812 1703 1085 1772 queque
1131 1684 1272 1751 sint
1315 1697 1544 1774 gesta3
1589 1684 2040 1773 pronuntiare
2091 1682 2293 1751 etiam
2325 1685 2498 1772 quid
2528 1694 2807 1750 senatus
2838 1682 3263 1762 decreverit3
3296 1683 3740 1770 interponere
3772 1683 4168 1762 contiones3
4199 1684 4520 1775 regiones
4568 1686 4636 1750 10

809 1790 1152 1857 interdum
1195 1811 1639 1880 pugnamque
1687 1790 2083 1859 describere
2096 1816 2116 1869 3
2165 1790 2284 1880 qui
2340 1789 2635 1858 vicerint
2690 1802 2761 1857 et
2822 1791 3014 1877 quod
3078 1799 3394 1857 secutum
3455 1789 3548 1857 sit
3610 1791 4079 1858 demonstrare
4092 1815 4112 1869 3
4174 1791 4520 1858 clarorum

808 1895 1162 1962 hominum
1206 1897 1447 1965 laudes
1493 1918 1932 1986 nequaquam
1976 1897 2178 1965 silere
2227 1906 2297 1964 et
2342 1897 2661 1984 nequiter
2691 1896 2882 1964 facta
2911 1896 3273 1963 damnare:
3323 1896 3514 1983 quod
3545 1895 3739 1962 aliud
3767 1898 3922 1963 fere
3952 1896 4129 1963 nihil
4159 1907 4281 1977 est,
4316 1916 4520 1983 quam

390 2026 544 2075 Mun..
582 2026 656 2070 ιω
814 2001 1144 2069 omnium'
1191 2014 1576 2092 temporum
1625 2005 2068 2092 omniumque
2113 2025 2514 2094 magnarum
2542 2024 2773 2069 rerum
2804 2024 3132 2069 summam
3166 2002 3499 2092 colligere
3533 2014 3603 2069 et
3630 2002 3829 2070 unius
3856 2003 4160 2071 hominis
4188 2002 4518 2070 memorie

811 2107 1210 2198 iudicioque
1254 2111 1587 2179 mandare
1612 2108 1652 2178 ¹.
1746 2107 1981 2190 Quod,
2029 2110 2202 2198 quid
2248 2109 2332 2176 sit
2375 2110 2735 2175 hominum
2779 2108 3153 2197 prudentie
3199 2130 3328 2197 pre
3338 2109 3650 2188 stantius,
3696 2108 3938 2177 videre
3970 2127 4112 2175 non
4140 2128 4519 2197 possumus,

808 2234 942 2282 nec
988 2215 1160 2303 quid
1207 2217 1299 2284 ad
1343 2216 1630 2305 gloriam
1679 2215 2288 2284 accommodatius.
4571 2212 4636 2279 15

984 2321 1337 2409 Exemplis
1360 2334 1549 2391 certe
1572 2322 1859 2391 honoris
1891 2323 2152 2410 cupido
2184 2320 2599 2402 incenditur,
2632 2333 2703 2389 et
2731 2321 2986 2389 bonam
3015 2322 3275 2389 famam
3309 2343 3767 2413 magnamque
3794 2321 4224 2390 nobilitatem
4256 2321 4524 2389 enixius

806 2425 1125 2494 homines
1169 2424 1545 2498 imitantur.
1640 2426 1917 2507 Quibus
1946 2424 2127 2496 bene
2175 2424 2546 2516 dispositis,
2592 2440 2668 2495 ut
2714 2424 2980 2517 aliquid
3025 2428 3231 2496 etiam
3276 2428 3609 2496 momenti
3654 2451 3697 2495 a
3741 2450 3853 2494 me
3900 2424 4068 2496 addi
4111 2428 4352 2515 possit,
4381 2428 4521 2495 iam

819 2534 913 2602 ad
955 2533 1312 2623 inceptum
1357 2536 1583 2604 venio.

504 2672 547 2705 ς.
572 2669 605 2710 s
634 2673 661 2702 r
987 2638 1259 2709 Bellum
1304 2643 1686 2730 scripturus
1728 2665 1877 2710 sum
1911 2642 1994 2739 'in
2041 2663 2179 2731 quo
2208 2638 2370 2710 Pise
2402 2655 2560 2710 sunt
2591 2665 2634 2709 a
2661 2638 3026 2710 florentino
3056 2642 3316 2730 populo
3348 2656 3573 2732 capte.
3665 2641 3971 2709 Primum
4004 2643 4168 2732 quia
4191 2658 4522 2730 magnam

809 2752 880 2814 et
922 2744 1374 2816 memorabile
1420 2748 1574 2828 fuit,
1622 2749 1881 2818 deinde
1927 2748 2114 2837 quia,
2164 2748 2576 2817 emulatione
2620 2748 2934 2837 potentie
2980 2760 3051 2815 et
3097 2748 3494 2817 diversitate
3541 2749 3928 2816 animorum
3975 2749 4283 2838 utrisque
4336 2749 4525 2814 indi·
4567 2749 4641 2813 20

808 2852 1204 2943 gnantibus,
1251 2864 1442 2922 tanta
1489 2852 1950 2923 obstinatione
1997 2865 2268 2945 gestum
2314 2866 2438 2935 est,
2482 2866 2560 2921 ut
2586 2852 2802 2922 multa
2832 2865 3213 2922 memoratu
3247 2852 3459 2945 digna
3492 2855 3861 2923 contineat.
3956 2854 4121 2935 Sed,
4151 2865 4523 2944 antequam

809 2958 1076 3025 initium
1121 2960 1452 3028 narrandi
1497 2963 1774 3043 faciam,
1806 2981 1936 3051 pro
1966 2961 2210 3029 maiori
2257 2958 2654 3052 cognitione
2697 2952 2940 3028 rerum'
2970 2972 3244 3028 veteres
3289 2963 3467 3029 inter
3511 2974 3875 3051 utrumque
3920 2960 4253 3050 populum
4296 2962 4524 3028 inimi-

812 3060 1008 3133 citias
1053 3078 1124 3134 et
1167 3067 1566 3135 continuata
1614 3069 1875 3137 dudum
1921 3067 2107 3149 odia,
2153 3088 2285 3137 nec
2333 3068 2555 3135 minus
2598 3078 2919 3136 recentes
2965 3064 3165 3135 huius
3209 3064 3561 3136 novissimi
3607 3068 3774 3136 belli
3819 3088 4062 3135 causas
4122 3066 4360 3136 dicere
4403 3087 4525 3157 ag·

818 3168 1118 3260 grediar.

990 3276 1403 3349 Declinante
1453 3301 1738 3349 romano
1782 3278 2079 3368 imperio
2125 3278 2323 3348 Italia
2370 3276 2679 3348 externis
2722 3301 2807 3347 ac
2855 3281 2993 3348 suis
3038 3280 3243 3348 armis
3288 3278 3408 3348 diu
3450 3280 3639 3349 varie
3685 3290 4007 3370 quassata
4048 3293 4153 3350 est
4198 3293 4269 3348 et
4312 3281 4525 3348 multe
4569 3278 4644 3347 25

814 3397 972 3452 sunt
1013 3407 1143 3474 per
1190 3408 1343 3453 eam
1390 3388 1626 3455 clades
1669 3387 1862 3454 illate
1886 3385 1933 3454 2.
2024 3388 2207 3454 Nam
2255 3400 2326 3455 et
2369 3387 2625 3465 Roma,
2675 3384 2870 3455 cuius
2916 3386 3105 3455 urbis
3151 3387 3499 3476 singulare
3544 3385 3677 3454 fuit
3723 3386 3884 3454 olim
3929 3384 4001 3452 in
4053 3376 4254 3455 terris
4310 3387 4527 3474 impe-

816 3484 1012 3573 rium,
1058 3488 1314 3582 pluries
1360 3493 1635 3582 direpta
1677 3506 1779 3563 est
1826 3505 1896 3562 et
1939 3492 2090 3560 sine
2134 3486 2275 3561 ullo
2322 3488 2672 3561 interdum
2716 3493 3107 3563 habitatore
3172 3491 3528 3576 derelicta,
3591 3500 3660 3561 et
3717 3490 4011 3582 plurime
4071 3512 4198 3583 per
4255 3488 4526 3561 Italiam

815 3608 973 3666 sunt
1014 3599 1224 3668 urbes
1272 3622 1534 3669 everse.
1624 3597 1892 3668 Rerum
1936 3600 2389 3666 humanarum
2438 3600 2718 3669 domina
2762 3600 3064 3680 fortuna,
3111 3598 3692 3690 quemadmodum
3725 3601 3976 3669 ceteris
4006 3597 4327 3668 secundis
4357 3600 4530 3668 solet

512 3735 553 3768 c.
581 3734 613 3774 s
641 3730 662 3766 e
814 3703 1044 3786 rebus,
1089 3706 1185 3773 ita
1217 3726 1490 3795 quoque
1518 3705 1855 3776 Romanis
1886 3705 2108 3774 voluit
2139 3706 2502 3774 crescendi
2533 3707 2740 3774 finem
2770 3703 3146 3794 imponere.
3238 3708 3416 3776 Cum
3445 3706 3917 3798 magnitudine
3945 3705 4158 3795 igitur
4184 3705 4527 3795 potentie'

819 3820 890 3876 et
921 3811 1365 3899 amplitudine
1395 3813 1667 3903 imperii
1700 3811 1996 3880 maxime
2025 3809 2149 3878 tuti
2181 3831 2330 3878 esse
2360 3812 2785 3893 viderentur,
2819 3825 2962 3879 tum
2993 3825 3185 3880 tanto
3215 3812 3713 3901 prevalidiores
3745 3807 4254 3879 adinvenerunt
4273 3813 4528 3880 hostes.
4573 3814 4649 3879 30

821 3917 890 3983 N
894 3937 978 3983 ec
1024 3919 1356 3984 malorum
1401 3918 1667 3986 initium
1714 3929 1997 3986 externe
2042 3939 2250 3986 cause
2281 3918 2501 3997 suere,
2532 3921 2659 3988 sed
2688 3919 2872 3985 intra
2900 3917 3185 4006 propria
3216 3916 3451 3986 menia
3481 3919 3748 3986 romani
3781 3918 3973 3986 cives
4003 3913 4141 3986 suis
4171 3937 4245 3987 se
4275 3915 4533 3986 viribus

814 4019 959 4089 sive
1001 4023 1227 4111 potius
1272 4023 1452 4112 vitijs
1497 4023 1905 4091 onerabant:
1954 4044 2134 4105 nam,
2180 4036 2547 4112 postquam
2610 4036 2894 4092 cunctas
2938 4023 3088 4091 fere
3132 4036 3380 4115 gentes
3425 4024 3895 4112 nationesque,
3958 4019 4209 4112 quibus
4270 4023 4532 4111 aliquid

817 4122 1067 4192 virium
1114 4124 1599 4215 dignitatisque
1643 4126 1889 4205 inerat,
1937 4121 2190 4193 virtute
2238 4127 2672 4206 domuerant,
2721 4143 2877 4192 cum
2924 4137 3247 4193 externos
3291 4143 3434 4193 non
3479 4121 3961 4194 adinvenis-ent
4004 4127 4256 4207 hostes,
4318 4126 4532 4192 otium

994 4398 1045 4452 3.
1083 4384 1407 4453 veritatem]
1445 4389 1520 4441 R.
1555 4403 1707 4439 m.
1745 4412 1771 4426 -
1806 4385 2168 4455 intelligunt]
2208 4388 2290 4438 Μ.
2329 4386 2661 4456 intelligent
2696 4412 2722 4426 -
2756 4385 3084 4456 prudentis]
3113 4386 3179 4438 0.
3203 4386 3565 4456 prudentiam
3600 4411 3625 4425 -
3662 4384 3907 4453 iudicio]
3941 4386 4007 4439 0.
4033 4385 4248 4440 iudicio
4285 4388 4348 4439 et
4385 4412 4411 4426 -
4432 4386 4532 4439 ho·

817 4470 1060 4538 minum]
1085 4473 1154 4524 P.
1180 4471 1433 4523 virorum
1458 4500 1524 4511 —
1553 4487 1603 4538 4.
1631 4471 1938 4538 sententia]
1966 4473 2034 4523 In
2062 4473 2125 4524 C.
2149 4473 2338 4523 scritto
2363 4470 2520 4536 ιδίας
2543 4473 2612 4524 P.
2653 4472 2712 4524 S.
2751 4473 2826 4524 R.
2863 4471 2949 4521 M.
2988 4470 3264 4535 scientia3
3300 4473 3369 4523 L.
3407 4470 3729 4540 prudentia,
3768 4469 4055 4523 sententia
4088 4496 4156 4509 —
4195 4468 4307 4536 5-6.
4344 4485 4531 4522 rerum

815 4554 1127 4622 gestarum]
1167 4558 1447 4622 gestarum
1484 4571 1670 4608 rerum
1708 4579 1775 4593 -—-
1816 4566 1865 4620 7.
1904 4569 1992 4606 res
2027 4556 2302 4622 gerendas
2337 4551 2509 4620 facit]
2549 4554 2615 4607 0.
2651 4568 2742 4606 res
2778 4557 2965 4623 gestas
3005 4553 3265 4620 (espunto)
3301 4553 3448 4606 facit
3482 4553 3753 4623 gerendas
3778 4580 3846 4590 —
3870 4566 3922 4618 9.
3949 4549 4136 4620 debet]
4174 4553 4258 4606 u.
4299 4538 4424 4616 estse,
4461 4555 4533 4606 da

815 4638 906 4689 ct!
931 4637 986 4690 {l
1002 4639 1162 4691 Mun.
1188 4638 1446 4691 debemus
1470 4663 1494 4678 -
1516 4637 1685 4706 quos]
1728 4641 1795 4691 0.
1818 4653 1958 4704 qums
1986 4666 2052 4677 —
2083 4652 2164 4690 ιο.
2190 4637 2350 4704 sint]
2376 4640 2459 4688 M.
2480 4637 2555 4689 R.
2578 4640 2713 4689 sunt
2736 4662 2761 4676 -
2785 4636 3179 4707 pronuntiare]
3208 4639 3275 4690 Ο.
3295 4639 3364 4689 P.
3387 4640 3460 4690 R.
3487 4638 3868 4706 pronunciare
3889 4659 3916 4676 ·
3940 4640 4171 4689 senatus
4192 4636 4533 4703 decreverit]

729 4730 757 4785 5
816 4722 890 4773 R.
917 4725 1208 4775 senatores
1232 4723 1585 4775 decreverint
1608 4747 1634 4762 -
1654 4721 1980 4789 contiones]
2017 4724 2082 4774 Θ.
2106 4722 2472 4784 coactiones3
2510 4723 2569 4773 V.
2593 4724 2662 4772 P.
2689 4724 2762 4774 R.
2784 4724 2866 4773 Μ.
2895 4722 2955 4774 S.
2972 4721 3284 4773 concione·
3307 4748 3373 4760 —
3405 4735 3488 4772 11.
3516 4720 3897 4790 pugnamque]
3932 4723 3996 4772 0.
4018 4721 4244 4791 plagam
4275 4718 4534 4786 (avanto)

818 4819 1200 4874 pugnamqueg
1242 4807 1301 4858 S.
1341 4820 1638 4876 pugnaque
1677 4832 1702 4845 ·
1737 4805 1860 4872 qui]
1899 4807 1969 4857 L.
1995 4806 2130 4871 quid
2170 4830 2196 4845 -·
2230 4803 2504 4869 secutum]
2544 4805 2609 4857 0.
2635 4808 2719 4857 M.
2744 4807 3038 4871 sequutum
3078 4827 3102 4842 -
3139 4803 3240 4871 sit]
3277 4807 3346 4857 L.
3373 4804 3552 4857 fuerit
3576 4829 3601 4842 ·
3624 4803 3937 4871 clarorum]
3991 4803 4048 4855 V.
4072 4803 4330 4856 claui-um
4354 4831 4423 4842 -
4455 4817 4535 4855 12.

816 4887 1110 4941 hominum
1146 4888 1357 4955 laudes]
1411 4889 1538 4942 V.P.
1577 4890 1770 4942 laudes
1807 4889 2100 4941 homiuum
2139 4915 2164 4928 ·
2202 4885 2492 4952 damnare]
2531 4887 2601 4941 L.
2641 4887 2946 4958 dampnare
2982 4914 3006 4927 ·
3041 4887 3216 4954 quod]
3255 4886 3315 4940 S.
3354 4903 3466 4954 quo
3505 4913 3528 4926 -
3565 4885 3738 4953 nihil]
3777 4889 3816 4939 l.
3856 4890 3924 4940 L.
3966 4886 4146 4939 nichil
4183 4910 4207 4925 -
4242 4886 4441 4953 quam]
4479 4886 4536 4938 S.

815 4974 969 5039 quod
1005 5002 1071 5013 —
1116 4988 1197 5041 13.
1223 4974 1524 5041 summam]
1568 4976 1631 5027 C.
1657 4989 1876 5027 sumam
1913 4989 2010 5025 con
2042 4975 2097 5025 il
2115 4974 2299 5038 primo
2334 4985 2392 5023 m
2428 4987 2490 5022 sn
2526 4971 2730 5035 It‘tnr05
2775 4975 2840 5025 O.
2866 4983 3115 5036 sumam3
3154 4973 3191 5023 Ι.
3218 4975 3288 5025 L.
3314 4985 3534 5025 summa
3563 4996 3629 5008 —
3658 4987 3741 5039 14.
3767 4967 4089 5042 prudentie]
4129 4969 4203 5024 R.
4230 4972 4538 5041 pandatis

820 5086 886 5095 —
934 5058 1015 5110 16.
1054 5057 1402 5123 incenditur]
1432 5060 1490 5112 S.
1518 5058 1810 5109 incnditur
1844 5065 2082 5110 correcto
2107 5060 2163 5109 in
2187 5057 2547 5120 incenditur-3
2586 5058 2746 5109 AM.
2782 5057 3115 5110 accenditur
3141 5085 3205 5094 -
3240 5067 3320 5122 17.
3347 5056 3486 5123 iam]
3514 5059 3596 5108 Μ.
3622 5056 3706 5107 ita
3744 5084 3810 5095 —
3844 5058 3924 5109 18.
3950 5055 4147 5122 venio]
4184 5057 4249 5109 Ο.
4274 5056 4447 5108 redeo
4470 5083 4536 5094 —

705 5156 771 5193 ιο
828 5156 910 5209 19.
949 5141 1185 5207 Bellum]
1220 5144 1276 5193 i!
1306 5144 1352 5193 Β
1388 5143 1608 5193 m'm'ato
1641 5144 1701 5193 in
1741 5145 1822 5205 0.,
1863 5157 2090 5194 aeraeurro
2123 5145 2181 5193 in
2215 5144 2253 5192 l.
2274 5166 2299 5180 -
2335 5140 2641 5194 florentino
2683 5139 2925 5210 populo]
2965 5143 3040 5192 R.
3067 5142 3282 5210 populo
3322 5139 3630 5192 florentino
3667 5163 3735 5178 —·-
3774 5153 3862 5193 ιο.
3887 5139 4231 5206 animorum]
4271 5142 4354 5192 Μ.
4392 5139 4538 5191 ami-

818 5239 1014 5277 corum
1048 5249 1116 5264 ··-—
1155 5236 1239 5291 25.
1266 5225 1358 5292 ac]
1386 5226 1446 5279 S.
1470 5231 1527 5278 et
1550 5252 1618 5264 —
1659 5235 1744 5291 27.
1769 5225 1878 5291 est]
1918 5228 1992 5278 R.
2030 5225 2145 5277 fuit
2173 5251 2236 5264 —
2276 5225 2361 5277 28.
2386 5228 2524 5277 sunt
2550 5223 2735 5290 urbes]
2776 5228 2858 5277 M.
2883 5226 2955 5275 R.
2994 5226 3158 5276 urbes
3193 5227 3330 5276 mat
3352 5250 3377 5263 ·
3413 5223 3702 5290 secundis]
3728 5225 3797 5275 L.
3822 5224 4098 5275 anundus
4129 5243 4196 5259 -—-
4221 5236 4308 5292 ²9-
4333 5222 4537 5292 igitur]

820 5313 905 5362 M.
941 5325 1090 5362 omne.
1130 5333 1199 5346 —
1235 5323 1322 5377 30.
1373 5309 1806 5378 prevalidiores]
1846 5310 1932 5360 M.
1969 5310 2271 5362 validiores
2309 5334 2335 5348 -
2370 5307 2818 5374 adinvenerunt]
2857 5310 2930 5359 R.
2951 5311 3122 5359 MP.
3161 5307 3503 5360 invenerunt
3537 5334 3606 5346 —-
3646 5320 3732 5374 31.
3784 5304 4040 5372 initium}
4091 5308 4166 5358 R.
4188 5307 4269 5357 Μ.
4307 5306 4484 5358 initia
4517 5332 4542 5346 -

819 5408 987 5446 cam
1022 5392 1198 5460 sum]
1236 5396 1308 5445 R.
1330 5395 1413 5445 M.
1452 5392 1686 5446 fuerunt
1720 5407 1926 5446 causae
1959 5418 2028 5432 —-
2066 5406 2150 5460 3²·
2178 5392 2438 5459 cunetas]
2482 5392 2541 5445 S.
2579 5394 2783 5444 cunta·
2823 5417 2889 5429 -
2929 5405 3016 5458 33.
3042 5390 3275 5457 virium]
3318 5390 3378 5442 S.
3416 5390 3552 5442 vitii
3587 5415 3613 5429 ·
3649 5389 3857 5456 inerat]
3898 5391 3956 5442 S.
3995 5390 4179 5443 inerat
4211 5396 4448 5442 comae
4480 5392 4539 5443 in

818 5478 1055 5543 virium3
1091 5480 1207 5529 tale
1241 5478 1544 5530 currerim
1578 5478 1792 5530 doma
1826 5493 1971 5530 esser
1988 5478 2154 5547 saue
2187 5479 2255 5528 al
2276 5476 2590 5541 prendat«
2625 5475 2757 5528 vitii
2798 5501 2824 5515 -
2857 5474 3139 5540 externos]
3181 5477 3240 5526 P
3272 5477 3526 5528 esterno·
3562 5499 3587 5514 ·
3620 5473 3829 5540 otium]
3877 5476 3944 5527 0.
3980 5474 4172 5530 ocium

709 5698 769 5754 ¹5
1002 5668 1022 5704 ¹
1058 5672 1166 5725 Per
1201 5671 1247 5724 il
1285 5674 1545 5724 coneetto
1583 5671 1685 5723 che
1720 5670 1767 5722 il
1804 5671 2073 5724 Palmieri
2110 5683 2292 5724 svera
2331 5670 2474 5723 della
2508 5673 2627 5722 sto·
2734 5686 2843 5741 ap.
2865 5671 2970 5738 4,l.
2998 5668 3102 5737 18),
3126 5666 3249 5722 cosi
3273 5669 3602 5722 omettiamo
3622 5671 3763 5739 ogni
3782 5672 4094 5722 commento
4116 5669 4305 5737 cog-ni
4329 5670 4544 5723 ricerea
4593 5684 4644 5721 20

826 5757 929 5821 ria,
967 5755 1096 5809 redi
1133 5755 1312 5809 anche
1348 5755 1372 5807 1
1406 5755 1559 5824 passi
1597 5754 1730 5808 dell’
1749 5755 2312 5822 thton‘afiorent‘irm
2350 5753 2437 5820 (Μ
2450 5754 2567 5822 agl
2584 5789 2628 5816 .,
2734 5755 2796 5806 di
2814 5752 2968 5806 fonti
2992 5765 3091 5823 per
3107 5753 3641 5821 quest’esposizione
3661 5752 3972 5804 semmai-ia
3992 5751 4133 5805 della
4155 5752 4341 5804 storia
4365 5750 4548 5806 d‘lta-

825 5838 1005 5902 XXV,
1032 5849 1152 5903 511,
1178 5853 1228 5890 c.
1257 5834 1405 5901 τωο
1430 5836 1522 5888 del
1546 5837 1637 5887 De
1670 5835 2017 5901 Temporibus
2050 5835 2629 5902 (Laui-enatant»,
2738 5837 2822 5889 lia
2871 5837 2985 5889 fine
3022 5838 3078 5888 ai
3118 5846 3254 5902 14⁰5
3293 5835 3372 5905 (p.
3412 5851 3463 5902 4,
3502 5836 3542 5886 1.
3587 5849 3652 5901 19
3685 5847 3724 5887 a
3760 5849 3815 5904 p.
3852 5834 3906 5899 6,
3944 5836 3983 5886 1.
4035 5835 4128 5902 τι)
4167 5833 4360 5887 frutto
4404 5835 4544 5890 delh

826 5921 1003 5986 LXV,
1040 5931 1126 5988 45,
1162 5936 1210 5972 c.
1250 5931 1282 5972 2
1305 5918 1351 5985 r)
1384 5920 1552 5974 citati
1589 5921 1745 5973 nella
1782 5919 2127 5989 profusione.
2735 5922 3053 5990 complessa
3085 5920 3414 5972 eruditione
3450 5919 3663 5972 storiea
3699 5918 3789 5970 del
3821 5919 4104 5983 Paimieri,
4144 5920 4218 5971 da
4253 5917 4337 5972 lui
4362 5919 4546 5973 dimo-

1001 6002 1027 6038 ²
1064 6004 1241 6058 Come
1266 6006 1528 6058 abbiamo
1552 6004 1703 6058 fatto
1728 6020 1828 6074 per
1853 6003 1893 6054 1’
1910 6003 2305 6057 introduzione
2328 6003 2407 6074 (p.
2430 6020 2482 6073 3,
2505 6005 2544 6055 l.
2570 6017 2633 6056 υ
2743 6006 2925 6058 strata
2958 6005 3138 6057 anche
3174 6004 3327 6057 neila
3362 6003 3770 6072 compassione
3801 6003 3888 6056 del
3927 6003 4015 6057 De
4061 6005 4425 6071 mser-hus.
