4823 7100
532 1914 703 1957 4228!

527 3093 706 3133 maor

440 4039 587 4088 Mus..
646 4040 723 4082 1⁸3

488 4155 528 4187 c.
559 4154 616 4194 29
646 4149 668 4185 t

843 460 945 535 22
2170 451 2661 532 MATTHEI
2713 449 3228 531 PALMERII

2193 613 2365 621 uanum-..nu
2369 610 2601 621 mat-mm

847 724 1065 814 gladij
1073 746 1126 805 s,
1175 724 1600 803 cernebatur,
1648 724 1767 811 qui
1812 722 2145 791 instarent
2192 722 2438 803 acrius,
2485 722 2603 810 qui
2648 720 3039 789 sauciarent
3068 719 3419 798 audacius,
3451 718 3829 786 funderent
3855 719 4176 785 locumve
4223 728 4553 784 tenerent

849 830 1134 898 enixius.
1230 829 1515 897 Interim
1562 829 1889 896 duellaris
1933 850 2168 919 pugna
2211 828 2648 895 connectitur
2678 828 2856 893 inter
2886 825 3374 893 audacissimos
3402 824 3649 891 milites
3680 823 3779 892 et'
3811 824 4110 891 maxima
4137 825 4205 890 vi
4234 823 4325 891 ab
4354 834 4551 890 utro-

847 958 981 1026 que
1030 947 1353 1016 certatur,
1399 937 1647 1016 donec,
1694 936 2030 1003 emunctis
2072 935 2428 1022 utriusque
2479 933 2761 1014 viribus,
2809 933 3192 1021 compliciti
3239 943 3568 1000 corruunt
3612 943 3685 998 et
3727 931 4090 1019 supposita
4131 930 4290 996 illisi
4336 931 4550 996 humo

838 1043 1232 1111 moriuntur.
1322 1041 1622 1110 Ferocia
1666 1064 1709 1108 a
1750 1041 2080 1108 militibus
2124 1041 2286 1108 inde
2333 1040 2673 1126 deposita,
2722 1059 2878 1106 cum
2921 1038 3249 1107 habunde
3297 1042 3531 1125 plures
3574 1038 4102 1125 supervenirent
4133 1035 4391 1115 Pisani,
4424 1056 4552 1102 no-

848 1151 971 1217 stri
1013 1150 1455 1218 retrocedere
1502 1162 1573 1216 et
1614 1169 1739 1236 per
1783 1148 2004 1216 scalas
2050 1146 2359 1216 certatim
2406 1146 2704 1213 evadere
2752 1159 3105 1234 ceperunt,
3153 1146 3743 1233 accumulatisque
3789 1146 3860 1209 in
3892 1142 4098 1210 scalis
4135 1138 4549 1209 'catervatim
4640 1138 4673 1205 5

839 1255 1166 1323 militibus
1225 1267 1296 1324 et
1350 1254 1704 1342 implicitis
1761 1253 2116 1322 ruentibus
2179 1253 2480 1321 virorum
2541 1252 2786 1341 globis,
2833 1253 3148 1342 plerique
3198 1251 3431 1320 afflicti
3474 1262 3651 1319 sunt.
3745 1250 3885 1330 Sic,
3931 1250 4199 1317 infecto
4247 1248 4553 1338 negotio,

842 1362 1124 1429 evanuit
1167 1363 1504 1449 potiunde
1546 1361 1736 1429 urbis
1779 1372 2057 1449 sperata
2100 1362 2235 1427 hac
2282 1359 2728 1449 aggressione
2771 1360 3086 1430 victoria.
3175 1358 3414 1427 Pisani
3457 1370 3616 1445 post
3643 1357 3964 1444 expulsos
3992 1377 4033 1424 e
4076 1355 4397 1423 menibus
4425 1355 4557 1420 ho-

851 1478 992 1534 stes
1036 1468 1253 1536 nostri
1296 1467 1526 1535 militis
1573 1467 1878 1535 lacerum
1923 1489 2176 1555 corpus
2221 1469 2314 1535 ad
2360 1468 2557 1534 aselli
2604 1469 2898 1535 caudam
2943 1488 3072 1554 per
3099 1466 3340 1533 urbem
3372 1478 3639 1533 traxere
3653 1490 3672 1543 3
3706 1465 3901 1531 cuius
3936 1462 4300 1531 derisionis
4328 1461 4557 1551 gratia

849 1596 888 1641 e
934 1574 1133 1642 tracti
1176 1573 1419 1641 militis
1463 1574 1747 1642 cohorte
1791 1575 2048 1641 milites
2091 1574 2324 1662 plures
2372 1574 2661 1641 Pisanos
2704 1595 2831 1660 per
2875 1574 3067 1639 varia
3111 1584 3604 1640 tormentorum
3651 1592 3910 1661 genera
3951 1589 4294 1639 necavere
4321 1567 4362 1635 ¹.

1018 1679 1394 1770 Postquam
1437 1682 1701 1749 infecto
1745 1682 2023 1770 negotio
2070 1681 2626 1749 Florentinorum
2669 1680 2918 1747 milites
2963 1681 3038 1746 in
3083 1691 3307 1747 castra
3368 1678 3742 1759 redierunt,
3808 1677 4068 1748 Sfortie
4128 1687 4199 1743 et
4242 1673 4558 1743 Tartalie
4610 1673 4682 1738 10

845 1787 1197 1856 discordia
1240 1788 1376 1853 iam
1420 1788 1692 1875 pridem
1738 1800 1979 1856 exorta
2022 1787 2408 1854 resumitur.
2499 1787 2592 1852 Hi
2638 1788 2775 1853 duo
2818 1788 2996 1852 inter
3040 1785 3300 1871 primos
3347 1785 3558 1852 duces
3590 1781 4021 1850 habebantur
4054 1795 4125 1850 et
4145 1782 4323 1848 inter
4350 1799 4431 1846 se
4464 1781 4558 1845 de

851 1895 1157 1981 prioratu
1201 1895 1274 1961 in
1318 1895 1626 1962 exercitu
1672 1895 2207 1963 contendebant.
2299 1896 2380 1961 In
2428 1894 2674 1962 castris
2716 1904 3010 1981 uterque
3028 1890 3042 1918 '
3090 1890 3534 1979 spectabatur
3577 1891 3754 1957 fidus
3797 1902 4266 1978 acceptusque
4311 1887 4556 1975 prefe-

854 2001 985 2068 ctis
1047 2013 1116 2068 et
1175 2002 1616 2068 consiliorum
1669 2000 1971 2068 omnium
2022 2023 2305 2091 gnarus3
2369 2000 2741 2088 unicuique
2805 1999 3147 2067 exercitus
3209 1998 3624 2066 credebatur
3686 2011 3757 2065 et
3815 1995 4008 2064 obire
4070 1995 4302 2062 omnia
4360 1994 4554 2061 soliti

865 2118 1084 2186 erant,
1130 2128 1265 2196 que
1310 2108 1551 2194 optimi
1597 2108 1793 2176 ducis
1836 2120 1907 2176 et
1950 2108 2209 2175 strenui
2254 2106 2615 2174 bellatoris
2643 2104 3005 2173 habentur.
3095 2104 3421 2173 Ceterum
3453 2123 3645 2170 more
3674 2103 3934 2192 ingenij
3968 2103 4251 2169 humani
4294 2099 4562 2167 invidia

847 2231 936 2278 ex
991 2213 1285 2300 paritate
1348 2226 1497 2280 orta
1558 2227 1682 2294 est,
1746 2235 1884 2303 qua
1942 2214 2249 2280 irritante
2284 2213 2656 2280 Tartalias
2717 2212 3071 2279 condoluit
3132 2213 3203 2277 in
3264 2210 3367 2279 sui
3418 2210 3787 2297 pernitiem
3834 2209 4165 2278 sfortiam
4211 2226 4562 2276 venenum
4615 2203 4684 2269 15

844 2319 1112 2386 emisse.
1201 2318 1467 2387 Verum
1511 2341 1602 2386 an
1646 2320 1899 2387 falsum
1940 2320 2018 2388 id
2060 2320 2272 2386 fuerit
2315 2319 2517 2386 nobis
2561 2319 2724 2386 satis
2770 2319 3120 2406 cognitum
3166 2339 3310 2385 non
3356 2330 3478 2384 est.
3572 2317 3835 2385 Sfortia
3880 2329 4111 2382 tamen
4155 2325 4404 2381 contra
4434 2314 4563 2380 de-

856 2446 978 2492 cus
1021 2445 1214 2490 suum
1262 2425 1396 2492 tale
1443 2426 1714 2493 facinus
1758 2438 2106 2513 reputans,
2154 2427 2415 2506 orabat,
2446 2447 2537 2492 ne
2561 2445 2637 2492 se
2667 2427 2757 2493 de
2788 2425 2908 2491 tali
2951 2427 3217 2492 scelere
3247 2425 3595 2490 incusaret
3636 2442 3769 2490 nec
3814 2434 4208 2508 suspectum
4251 2418 4565 2486 haberet.

850 2530 1095 2620 Dubijs
1139 2532 1320 2598 inter
1363 2552 1439 2598 se
1485 2544 1692 2621 atque
1737 2532 2187 2600 hesitantibus
2231 2532 2384 2613 illis,
2431 2531 2668 2598 Masus
2714 2543 2786 2598 et
2833 2531 3076 2610 Ginus,
3122 2530 3244 2618 qui
3303 2530 3635 2597 exercitui
3695 2540 4038 2615 preerant,
4099 2538 4431 2593 caventes
4474 2546 4567 2592 ne

857 2637 1220 2703 castrensis
1263 2638 1514 2704 seditio
1563 2639 1874 2719 oriretur,
1919 2639 2075 2705 illos
2118 2639 2399 2725 placare
2445 2637 2895 2717 conabantur,
2943 2637 3304 2725 indignum
3333 2636 3487 2702 fore
3517 2636 4039 2721 persuadentes,
4079 2634 4140 2699 si
4173 2656 4262 2700 ex
4289 2632 4568 2720 privata

852 2764 1127 2810 suorum
1173 2744 1427 2810 ducum
1472 2745 1926 2812 contentione
1969 2745 2406 2812 florentinum
2451 2744 2786 2832 populum
2818 2744 3304 2811 detrimentum
3336 2753 3761 2831 sequeretur.
3851 2741 3979 2808 His
4008 2740 4242 2807 verbis
4271 2739 4565 2825 placido
4609 2739 4686 2802 20

858 2869 981 2917 ore
1023 2862 1316 2936 uterque
1359 2853 1842 2937 responderat;
1890 2852 2240 2918 Tartalias
2284 2863 2520 2919 tamen
2566 2852 2786 2918 ultum
2830 2851 2930 2916 ire
2975 2849 3262 2917 iniurias
3305 2849 3377 2916 in
3438 2850 3667 2916 animo
3712 2848 4079 2927 retinebat,
4125 2846 4565 2933 impediente

854 2967 1084 3023 tamen
1128 2969 1337 3036 metu,
1385 2958 1828 3025 occasionem
1873 2958 2216 3026 servabat.

1030 3062 1446 3150 Compositis
1489 3084 1615 3151 per
1658 3064 1872 3132 hunc'
1919 3067 2202 3133 modum
2246 3063 2455 3132 rebus
2499 3076 2569 3131 et
2613 3064 2905 3133 vadibus
2949 3065 3150 3143 datis,
3196 3062 3433 3132 Masus
3464 3075 3536 3130 et
3565 3063 3784 3131 Ginus
3814 3063 4237 3130 Florentiam
4267 3063 4364 3128 ad
4411 3060 4565 3126 col-

847 3171 1039 3259 legas
1070 3171 1361 3236 rediere.
1425 3171 1700 3238 Vierius
1747 3171 2193 3260 Guadagnius
2237 3183 2309 3238 et
2352 3171 2660 3260 Jacobus
2702 3170 3118 3259 Janfiliatius
3150 3172 3243 3238 ad
3274 3183 3653 3237 castrorum
3685 3190 3923 3236 curam
3954 3169 4334 3236 mittuntur.
4403 3166 4573 3233 Mu-

859 3276 1016 3343 tatis
1058 3277 1264 3364 igitur
1309 3289 1690 3344 castrorum
1735 3277 2000 3366 legatis,
2048 3277 2315 3345 Stortia
2358 3291 2432 3344 et
2475 3278 2840 3358 Tartalias,
2886 3278 3030 3345 sive
3062 3297 3243 3345 nova
3286 3290 3525 3345 exorta
3571 3298 3797 3356 causa,
3840 3278 3988 3342 sive
4009 3318 4016 3327 -
4035 3275 4199 3363 quia
4241 3274 4379 3341 illis
4407 3274 4568 3339 nul·
4613 3270 4690 3336 25
4805 3302 4806 3311 κ

860 3382 993 3448 lam
1042 3381 1516 3470 obligaverant
1559 3384 1790 3464 fidem,
1838 3385 2322 3451 contentiones
2365 3384 2874 3472 reintegrarunt
2920 3397 2990 3452 et
3036 3385 3212 3451 adeo
3260 3404 3580 3450 exarsere
3625 3383 3880 3463 animo,
3925 3394 4000 3449 ut
4044 3400 4297 3469 magna
4340 3380 4567 3466 suspi-

861 3490 957 3557 tio
1004 3489 1231 3569 fuerit,
1278 3508 1369 3556 ne
1416 3490 1780 3557 militarem
1827 3491 2188 3559 tumultum
2234 3491 2751 3559 exsuscitarent.
2842 3490 2956 3559 Ob
3018 3513 3224 3580 quam
3286 3511 3563 3558 causam
3626 3490 3850 3558 Ginus
3893 3489 4320 3577 Capponius,
4370 3487 4575 3555 cuius

862 3595 1278 3680 presentiam
1323 3595 1525 3662 ambo
1570 3596 2003 3677 verebantur,
2050 3598 2122 3662 in
2169 3610 2392 3664 castra
2436 3616 2769 3677 reversus,
2817 3598 3248 3684 perturbatos
3294 3618 3530 3664 eorum
3573 3597 3787 3663 animi
3833 3608 4060 3663 motus
4102 3597 4352 3663 iterum
4386 3593 4568 3660 deli-

854 3699 1026 3767 nivit
1050 3699 1095 3767 ².
1183 3699 1413 3767 Metus
1459 3712 1690 3768 tamen
1734 3702 2086 3783 remansit,
2119 3722 2208 3768 ne
2239 3723 2378 3791 qua
2407 3722 2497 3768 ex
2540 3704 2676 3769 hoc
2724 3704 3007 3791 negotio
3053 3704 3308 3770 seditio
3340 3703 3651 3780 oriretur,
3685 3714 3756 3768 et
3799 3702 4091 3768 maxime
4139 3701 4302 3789 quia
4348 3701 4576 3768 duces

856 3805 1242 3898 militesque
1301 3805 1503 3873 divisi
1561 3807 1682 3872 uni
1743 3808 1854 3873 vel
1915 3808 2111 3874 alteri
2170 3829 2477 3875 seorsum
2522 3807 2932 3875 inherebant
2953 3807 3001 3875 ³.
3094 3809 3364 3876 Eadem
3425 3819 3830 3895 tempestate
3894 3807 4220 3897 contagio
4266 3806 4576 3872 maxima
4617 3807 4692 3869 30

861 3912 991 3980 fuit
1034 3913 1106 3978 in
1155 3912 1415 3979 castris.
1506 3913 1746 3980 Primo
1792 3914 2040 4003 ingens
2083 3935 2472 3981 muscarum
2517 3915 3108 4002 superabundavit
3156 3917 3362 4002 copia
3403 3915 3617 3981 veluti
3660 3914 4103 3981 seminarium
4150 3926 4407 3981 cuncta
4452 3933 4566 3978 re-

874 4021 1101 4107 plens3
1151 4019 1419 4106 pulices
1464 4020 1718 4087 deinde
1765 4020 2206 4109 pediculique
2254 4033 2324 4088 et
2368 4033 2561 4089 tanta
2603 4044 2924 4088 ranarum
2967 4022 3395 4110 muriumque
3439 4022 3825 4100 multitudO,
3856 4033 3933 4087 ut
3974 4020 4276 4088 sordidis
4326 4020 4571 4086 etiam'

856 4124 1379 4215 agrestibusque
1409 4124 1902 4200 intollerabile'
1937 4127 2290 4194 fastidium
2319 4127 2692 4196 videretur.
2785 4128 2963 4196 Cum
2992 4128 3079 4217 ijs
3126 4129 3362 4195 aderat
3406 4148 3656 4216 magna
3685 4128 3790 4194 vis
3820 4139 4001 4194 estus
4045 4139 4116 4195 et
4160 4139 4350 4193 tanta
4396 4138 4574 4193 tem-

1040 4356 1088 4396 1.
1125 4340 1417 4407 audacius]
1457 4342 1525 4393 L.
1564 4343 1828 4393 audatius
1863 4366 1888 4379 -
1922 4338 2202 4406 locumve]
2249 4342 2313 4392 0.
2341 4341 2413 4391 R.
2450 4340 2742 4407 locumque
2777 4371 2843 4381 ——
2882 4356 2932 4409 3.
2961 4340 3267 4408 utriusque]
3316 4344 3379 4394 0.
3406 4343 3660 4408 utrisque
3696 4368 3719 4380 -
3753 4341 4100 4411 compliciti]
4137 4344 4175 4393 l.
4211 4341 4572 4410 complicatig

859 4426 924 4476 0.
960 4425 1222 4494 complici
1258 4451 1283 4464 -
1320 4424 1635 4493 supposita]
1684 4426 1749 4476 O.
1786 4425 2079 4493 subposita
2113 4450 2136 4462 -
2173 4422 2337 4488 illisi]
2376 4422 2479 4475 eos)
2516 4427 2553 4474 I.
2580 4426 2650 4475 ed
2680 4428 2780 4490 L.;
2824 4427 2882 4477 C.
2908 4426 3382 4493 originariamente
3417 4441 3597 4477 aveva
3632 4425 3746 4476 illis
3767 4426 3965 4490 humo,
3988 4427 4177 4496 poisat
4201 4426 4480 4492 agg-insto
4515 4427 4573 4476 in

857 4525 1029 4561 mezzo
1065 4526 1134 4559 uu
1170 4509 1191 4559 i
1229 4525 1256 4558 e
1279 4526 1349 4559 un
1369 4522 1534 4575 seg-no
1571 4510 1904 4560 tra-'versate
1938 4508 1997 4559 ds·
2018 4509 2279 4559 diviubne
2299 4509 2411 4575 fra
2446 4509 2497 4558 il
2526 4524 2698 4561 nuovo
2726 4510 2746 4558 i
2772 4526 2800 4559 e
2824 4509 2866 4559 l’
2879 4510 2951 4573 hg
2986 4510 3147 4561 sull’i
3168 4510 3331 4579 forse
3355 4526 3424 4561 un
3445 4524 3608 4577 segub
3635 4510 3697 4560 di
3716 4510 4116 4572 abbreviatore,
4141 4510 4230 4561 che
4253 4511 4572 4575 porterebbe

858 4612 893 4643 a
918 4596 1145 4659 leggere
1169 4592 1285 4643 illis
1308 4593 1369 4642 in
1393 4593 1582 4655 humo,
1619 4592 1820 4644 lotione
1844 4592 1909 4642 de·
1935 4595 2001 4644 O.
2020 4594 2087 4643 P.
2124 4593 2181 4644 V.
2198 4610 2215 4657 3
2235 4593 2303 4642 R.
2330 4595 2407 4643 M
2436 4594 2495 4645 S.
2522 4593 2645 4645 illle
2672 4596 2733 4646 in
2759 4594 2933 4645 humo
2960 4624 3024 4632 —
3053 4610 3106 4659 4.
3131 4593 3411 4661 habunde]
3443 4596 3502 4645 C.
3524 4597 3562 4648 Ι.
3582 4596 3652 4647 L.
3671 4596 3739 4645 P.
3774 4596 3830 4647 V.
3850 4594 3909 4647 S.
3933 4593 4155 4646 abunde
4183 4619 4250 4630 —
4277 4603 4327 4658 5.
4357 4592 4567 4660 scalas]

777 4688 805 4743 5
868 4679 937 4728 L.
957 4679 1028 4729 P.
1061 4676 1311 4740 schalasg
1353 4676 1410 4727 V.
1449 4676 1659 4727 schalis
1697 4702 1719 4713 -
1755 4674 2042 4741 certatim]
2083 4676 2157 4726 R.
2195 4692 2343 4728 amm.
2384 4706 2450 4716 —-
2487 4675 2539 4728 6.
2579 4678 2834 4744 negotio]
2880 4681 2939 4730 C.
2968 4680 3032 4730 0.
3056 4679 3115 4731 S.
3133 4677 3200 4728 P.
3241 4678 3298 4730 V.
3336 4680 3571 4744 negocio
3610 4709 3676 4717 —
3718 4691 3800 4729 10.
3839 4676 4091 4743 negotio]
4135 4679 4194 4729 C.
4228 4680 4293 4730 O.
4319 4677 4381 4729 S.
4411 4679 4481 4728 P.
4517 4680 4569 4728 V.

861 4761 1099 4827 negocio
1139 4786 1163 4797 -
1199 4758 1477 4825 Tartalie]
1514 4759 1588 4811 R.
1627 4760 1916 4812 Tan-taleae
1953 4789 2019 4799 —-
2060 4775 2084 4811 1
2098 4774 2144 4811 1.
2183 4761 2508 4827 resumitur]
2549 4764 2587 4812 l.
2614 4763 2681 4812 L.
2731 4766 3088 4813 resummitur
3124 4788 3150 4800 -
3185 4762 3266 4829 et]
3305 4763 3362 4813 in
3403 4766 3462 4813 C.
3501 4763 3532 4811 ὸ
3569 4764 3837 4829 aggiuuto
3885 4768 4050 4827 sopra
4100 4765 4158 4812 Ia
4192 4764 4336 4814 linea
4375 4790 4447 4801 --
4491 4777 4569 4828 13.

861 4842 1043 4908 obire]
1081 4844 1140 4893 in
1179 4845 1239 4895 C.
1275 4860 1335 4895 su
1385 4845 1553 4894 litura
1591 4872 1657 4881 —
1699 4854 1780 4907 15.
1818 4842 1966 4908 orta]
2015 4846 2078 4895 0.
2130 4843 2296 4895 horta
2335 4871 2357 4882 -
2392 4843 2677 4911 irritante]
2703 4854 2841 4911 poco
2879 4847 3058 4898 chiara
3091 4847 3150 4896 in
3184 4849 3301 4912 M3
3338 4848 3389 4896 il
3419 4847 3597 4910 Mna„
3635 4848 3766 4896 Iesse
3802 4847 4052 4897 instante
4087 4872 4111 4883 -
4151 4845 4481 4913 pernitiem]
4505 4847 4569 4898 P.

866 4931 924 4981 S.
945 4928 1019 4978 R.
1039 4930 1124 4979 M
1151 4927 1456 4996 perniciem
1495 4955 1561 4964 —
1606 4938 1686 4993 17.
1726 4928 1837 4980 tale
1870 4924 2114 4992 facinus]
2169 4929 2224 4979 V.
2261 4928 2490 4980 facinus
2524 4931 2635 4981 tale
2662 4959 2727 4967 —
2759 4931 2840 4983 18.
2866 4928 3263 4995 hesitantibus]
3297 4933 3356 4980 C.
3382 4930 3796 4994 hexitantibus3
3829 4932 3891 4980 Ο.
3931 4928 3985 4979 V.
4008 4928 4067 4980 S.
4093 4931 4163 4979 R.
4189 4933 4569 4993 exitantibus3

858 5015 925 5064 P.
963 5010 1376 5075 exhitantibus;
1412 5012 1495 5062 M
1535 5011 1914 5063 excitantibus
1951 5038 1975 5049 -
2026 5010 2242 5076 Masus]
2293 5014 2356 5062 Ο.
2396 5013 2610 5065 Masius
2648 5042 2713 5050 —
2766 5026 2848 5065 20.
2888 5012 3273 5079 florentinum]
3317 5014 3388 5064 R.
3429 5014 3490 5064 in
3526 5013 3895 5065 florentinum
3932 5042 3998 5050 —
4041 5027 4124 5064 21.
4165 5015 4562 5081 responderat]

731 5110 795 5146 10
852 5098 909 5147 in
934 5098 1016 5147 M
1051 5094 1179 5147 sull’
1193 5096 1381 5145 ultima
1414 5096 1610 5146 sillaba
1648 5097 1678 5145 ὸ
1714 5113 1819 5146 una
1854 5097 2121 5159 maccha,-
2144 5097 2195 5146 il
2214 5097 2371 5148 Mun.
2413 5096 2727 5164 congetturc)
2763 5098 3105 5163 respondent
3143 5123 3166 5135 -
3192 5095 3493 5161 Tartalias]
3524 5098 3593 5148 R.
3622 5098 3917 5150 Tar-taleas
3953 5124 3978 5136 ·
4013 5097 4272 5163 iniurias]
4301 5100 4389 5149 M
4418 5099 4566 5151 iniu-

862 5179 1008 5229 riam
1046 5207 1110 5215 —
1151 5191 1332 5231 21-22.
1370 5179 1710 5248 impediente
1729 5216 1743 5230 .
1765 5215 1778 5229 .
1802 5216 1817 5229 .
1839 5216 1852 5230 .
1890 5178 2175 5245 servabat]
2217 5180 2289 5230 R.
2326 5195 2476 5231 amm.
2514 5208 2580 5218 -
2619 5193 2704 5246 23.
2731 5179 2943 5245 Masus]
2981 5182 3045 5232 Ο.
3073 5182 3288 5232 Masius
3312 5209 3377 5218 —
3407 5194 3589 5247 23-24.
3616 5179 3875 5249 collegas]
3918 5181 3975 5233 V.
4003 5183 4250 5249 colegas3
4278 5184 4351 5233 R.
4379 5188 4567 5235 socios

863 5293 930 5303 —
967 5276 1055 5328 24.
1085 5262 1447 5330 Janfiliatius]
1490 5265 1561 5314 R.
1593 5263 1974 5330 Janfigliatius
2010 5293 2075 5302 —-
2115 5273 2198 5328 25.
2236 5264 2457 5317 Sfortia
2492 5268 2551 5316 et
2588 5264 2897 5330 Tartalias]
2934 5267 3001 5316 P.
3042 5265 3324 5318 Tartalias
3362 5269 3419 5316 et
3443 5264 3661 5318 Stortia
3687 5297 3752 5305 —
3781 5266 3960 5332 26-27.
3998 5265 4264 5335 suspitio]
4315 5268 4383 5319 Ο.
4421 5268 4480 5319 V.
4500 5270 4563 5318 P.

864 5351 922 5402 S.
945 5349 1122 5399 R.M
1161 5346 1409 5415 suspicio
1449 5375 1515 5384 ——
1556 5359 1639 5411 27.
1676 5347 2107 5413 exsuscitarent]
2153 5350 2211 5400 C.
2234 5350 2303 5400 L.
2342 5348 2759 5414 exuscitarent3
2823 5349 2880 5400 V.
2905 5350 2970 5399 P.
3007 5352 3375 5415 suscitarent3
3414 5350 3473 5401 S.
3496 5352 3569 5400 R.
3591 5352 3674 5402 M
3712 5353 4025 5402 excitarent
4073 5376 4140 5387 —
4181 5361 4265 5414 29.
4307 5350 4560 5418 negotio]

869 5435 927 5485 C.
958 5435 1022 5485 0.
1059 5432 1117 5482 V.
1138 5432 1206 5481 P.
1245 5431 1481 5499 negocio
1510 5463 1577 5472 -
1614 5446 1701 5498 30.
1738 5432 2015 5499 seorsum]
2044 5436 2118 5485 R.
2139 5436 2222 5485 M
2259 5434 2494 5485 seorsim
2520 5462 2586 5471 —
2613 5447 2699 5499 32.
2740 5432 2967 5501 pulices]
3021 5434 3078 5486 V.
3117 5435 3364 5502 publices
3401 5460 3424 5472 ·
3461 5434 3835 5503 pediculique]
3876 5437 3935 5488 S.
3958 5439 4032 5488 R.
4055 5438 4139 5487 M
4176 5440 4234 5488 et
4273 5437 4523 5505 pediculi
4545 5463 4568 5475 -

731 5528 791 5582 15
852 5521 908 5568 et
931 5514 1115 5581 tanta]
1156 5516 1215 5567 S.
1238 5518 1310 5567 R.
1333 5518 1414 5567 M
1443 5519 1714 5584 tantaque
1739 5544 1763 5555 -
1789 5515 2156 5584 mariumque]
2192 5520 2250 5569 C.
2285 5520 2341 5570 V.
2370 5529 2729 5584 murumque3
2769 5519 2828 5570 S.
2849 5519 2935 5568 M
2961 5532 3027 5569 ac
3050 5519 3328 5584 murium3
3366 5521 3439 5570 R.
3477 5521 3534 5571 et
3570 5523 3816 5571 murium
3852 5547 3919 5558 -
3948 5534 4033 5588 33.
4072 5519 4484 5587 intollerabile]
4509 5520 4563 5572 S.

862 5600 1219 5654 intolerabile
1250 5627 1275 5640 -
1315 5598 1410 5669 ῆι]
1450 5603 1516 5653 Ο.
1537 5604 1610 5653 R.
1646 5601 1739 5653 hIs
3606 5629 3614 5640 .

1046 5740 1064 5775 ¹
1101 5746 1449 5810 Postqnam..
1468 5779 1512 5798 ..
1546 5761 1810 5798 necavere
1836 5743 1931 5812 (da
1949 5760 2003 5814 p.
2031 5757 2116 5810 21,
2141 5745 2178 5798 1.
2205 5758 2270 5812 23
2297 5760 2332 5797 a
2357 5760 2414 5814 p.
2440 5758 2524 5809 22,
2546 5747 2588 5800 1.
2607 5747 2664 5814 9)
2773 5745 2934 5798 denti
2970 5747 3010 5799 il
3049 5760 3113 5798 21
3152 5747 3368 5816 giugno
3406 5763 3436 5799 e
3472 5762 3544 5800 ne
3580 5743 3784 5814 ripas-tl
3809 5747 3850 5798 il
3877 5760 3941 5816 23
3969 5745 4280 5814 (Carrei-11,
4312 5749 4451 5815 1136
4470 5751 4514 5801 E
4541 5764 4570 5801 e

867 5825 937 5888 ςὲ.
977 5827 1263 5893 Carpum,
1298 5840 1433 5894 1135
1457 5830 1604 5880 D-E.
1676 5814 1721 5882 E
1746 5830 1819 5880 da
1844 5832 2083 5893 notaui,
2109 5844 2268 5879 come
2294 5831 2336 5879 il
2363 5830 2663 5882 Pansam
2780 5841 2916 5896 1137
2937 5831 3025 5897 Β).

866 5910 1111 5963 descrive
1146 5911 1247 5981 plu
1284 5915 1664 5980 ampiamente
1702 5929 1732 5964 e
1769 5916 2040 5967 colorisce
2075 5913 2340 5966 l’assalto.
2717 5953 2722 5958 .
2950 5911 2974 5948 ³
3009 5918 3295 5983 Postquam
3313 5953 3326 5969 .
3346 5953 3420 5973 ...
3469 5919 3778 5970 inherebant
3813 5917 3892 5986 (ll.
3935 5916 4122 5987 1ο·3ο)
4160 5919 4233 5971 cf.
4286 5917 4568 5980 Cutem,

745 5994 815 6036 20
1043 5992 1067 6029 ²
1105 5995 1258 6048 Gino
1308 5996 1508 6064 giunse
1556 5998 1611 6050 al
1660 6013 1861 6070 campo
1899 6014 1997 6069 per
2032 5998 2326 6069 pacificare
2364 6001 2383 6050 i
2421 6003 2659 6054 eonten-
2775 6000 2913 6069 1136
2935 6003 3074 6057 c-E.
