4823 7100
504 2193 546 2228 C·

572 2191 688 2232 529·

510 3219 549 3253 C.
575 3216 635 3256 ³2
662 3216 687 3250 t

848 444 947 523 24
2169 378 2664 522 mrum
2718 437 3232 521 pamas

838 728 975 813 qui,
1006 728 1173 814 ripis
1203 727 1494 795 civitatis
1525 727 1851 814 appliciti,
1882 728 2110 814 potius
2142 739 2390 793 cuncta
2422 726 2801 794 substinere
2831 727 3053 813 parati
3084 734 3299 806 erant,
3344 747 3549 813 quam
3591 727 3664 791 in
3693 726 3986 792 hostium
4016 747 4259 793 manus
4286 725 4540 792 redire.

837 828 1027 897 Duos
1056 830 1215 896 fere
1239 846 1510 898 menses
1540 830 1715 896 haec
1746 829 2129 916 pertinacia
2154 830 2227 894 in
2258 829 2553 896 obsessis
2583 828 3185 917 obsidentibusque
3229 828 3622 915 permansit,
3654 828 3724 893 in
3756 828 4000 915 quibus
4029 830 4128 895 ad
4153 840 4536 894 extremam

838 936 1040 1002 ramis
1086 936 1545 1004 calamitatem
1588 937 1867 1023 pisanus
1912 937 2208 1024 populus
2252 935 2591 1002 deductus
2637 935 3119 1023 cuiuscumque
3165 928 3440 1023 generis
3481 934 3734 1001 herbas
3776 936 4184 1023 radicesque
4248 942 4323 1001 et
4373 935 4540 1001 hor·

838 1037 1058 1104 reuda
1102 1039 1399 1105 humano
1442 1039 1656 1106 victui
1700 1038 2019 1107 animalia
2062 1037 2331 1126 glutivit
2374 1050 2447 1104 et
2490 1038 2714 1104 nullus
2758 1049 2989 1104 tamen
3036 1036 3222 1104 exire
3269 1036 3624 1103 civitatem
3664 1036 4028 1103 audebat.
3986 1035 4005 1071 ¹

1012 1140 1379 1220 Cuntinus,
1422 1141 1597 1207 dum
1632 1138 1793 1206 Pise
1842 1138 2352 1219 obsidebantur,
2399 1139 2493 1205 ad
2537 1138 2794 1206 Vicum
2836 1137 3328 1225 perseverabat
3384 1136 3672 1204 obsidio.
3763 1135 4177 1204 Vicensibus
4236 1136 4536 1223 penuria
4621 1136 4654 1200 5

836 1241 1059 1309 mant
1100 1262 1333 1309 renim
1372 1243 1962 1309 necessarissimas·
2008 1243 2331 1319 mam'mm
2380 1262 2622 1308 comm
2662 1242 2909 1307 domus
2955 1262 3191 1308 omnes
3236 1241 3392 1307 iere
3432 1240 3734 1306 refracta
3780 1251 3898 1307 aut
3939 1239 4298 1326 perforate
4344 1248 4547 1305 erant

834 1342 1082 1410 ictibus
1113 1365 1521 1465 magnetum
1564 1344 1887 1431 hpidum,
1934 1364 2109 1431 quos
2152 1343 2582 1411 validissimis
2625 1343 2840 1410 nostri
2883 1343 3324 1430 proiecerant
3364 1342 3717 1409 machinis.
3808 1341 4016 1408 Multi
4060 1361 4302 1410 eorum
4332 1341 4543 1427 capti,

833 1444 1146 1534 plerique
1191 1447 1413 1515 occisi
1464 1447 1761 1527 fuerant,
1809 1446 2040 1515 afflicti
2085 1466 2327 1513 omnes
2386 1459 2460 1514 et
2516 1447 2609 1513 ad
2672 1466 2823 1513 eam
2882 1445 3362 1513 necessitatem
3424 1445 3725 1524 deducti,
3783 1454 3864 1512 ut
3920 1466 3997 1513 se
4054 1444 4308 1511 diutius
4366 1443 4547 1510 tueri

835 1546 1113 1621 mxime
1154 1548 1553 1636 potuissent.
1649 1549 1768 1617 Sic
1812 1549 2017 1637 igimr
2061 1548 2378 1628 affectos,
2426 1570 2514 1615 ex
2557 1548 2806 1615 nosuis
2850 1548 3128 1635 quidam
3170 1546 3667 1626 Bientinenses,
3713 1547 3876 1615 freti
3918 1547 4286 1615 vicinitatis
4342 1545 4543 1613 beni-

833 1649 1141 1719 volentia.
1178 1661 1249 1718 et
1293 1651 1693 1737 impunitate
1737 1651 2121 1736 impetrata,
2168 1649 2285 1717 ubi
2328 1649 2621 1736 primum
2669 1661 3078 1736 oportunum
3137 1649 3288 1729 fuit,
3334 1661 3778 1717 accesserunt
3833 1660 4405 1736 monuenmtque,
4451 1659 4534 1713 ut
4582 1647 4652 1712 10

837 1751 967 1819 sibi
1013 1751 1380 1840 liberisque
1424 1753 1571 1819 suis
1616 1752 2010 1839 oppidoque
2057 1752 2434 1839 aliquando
2482 1750 2920 1817 consulerent
2933 1776 2952 1828 3
3001 1750 3293 1817 Pisanos
3336 1751 3558 1819 victos
3606 1771 3757 1817 esse
3790 1751 4256 1829 ostenderunt,
4289 1770 4535 1838 agrum

834 1870 1190 1939 vastatum,
1241 1872 1481 1946 captos
1524 1858 1772 1926 multos
1818 1869 2022 1945 atque
2052 1870 2377 1940 ‚necatoffi
2422 1858 2682 1923 nullam
2723 1857 3060 1945 reliquam
3105 1877 3464 1944 superesse
3510 1878 3667 1945 spes
3711 1855 4012 1936 Pisanis.
4030 1857 4161 1923 nisi
4191 1877 4343 1924 sese
4376 1856 4546 1923 Flo-

831 1961 1116 2029 rentinis
1160 1961 1233 2028 in
1277 1961 1413 2027 fide
1461 1962 1786 2036 credere3
1832 1960 2126 2047 proinde
2173 1958 2302 2025 sibi
2345 1958 2757 2045 provideant
2804 1971 2875 2026 et
2917 1959 3147 2025 animo
3178 1970 3522 2046 reputent,
3551 1970 3816 2045 quanto.
3838 1957 4144 2025 cariores
4172 1958 4544 2026 florentino

831 2064 1091 2149 populo
1140 2075 1356 2141 erunt,
1404 2064 1481 2142 si,
1515 2061 1909 2129 tenentibus
1954 2062 2184 2127 adhuc
2229 2080 2307 2127 se
2352 2060 2642 2141 Pisanis,
2685 2060 2865 2127 ultro
2922 2060 2996 2126 in
3052 2070 3464 2149 potestatem
3527 2061 3953 2127 devenerint.
4042 2061 4171 2127 His
4230 2072 4302 2127 et
4358 2054 4545 2126 simi-

836 2164 1014 2233 libus
1058 2163 1210 2252 alijs
1252 2164 1589 2232 Vicenses
1634 2164 1763 2232 sibi
1808 2165 1974 2251 ipsis
2020 2163 2406 2229 diffidentes
2453 2174 2522 2229 et
2566 2163 2828 2229 nullum
2872 2161 3243 2230 subsidium
3287 2174 3663 2249 speranteS,
3710 2162 3803 2229 ad
3848 2162 4271 2230 deditionem
4316 2162 4540 2248 impu·
4593 2159 4661 2226 15

832 2265 1073 2333 lerunt.
1164 2260 1663 2343 Bientinenses,
1728 2277 2022 2352 accepta
2080 2262 2169 2330 ab
2224 2262 2358 2329 illis
2419 2264 2610 2344 fide,
2652 2260 3071 2332 Florentiam
3131 2275 3468 2330 venerunt
3528 2276 3598 2331 et
3656 2287 3784 2352 per
3841 2254 4114 2331 Manum
4181 2258 4540 2341 Albinum,

833 2366 1023 2433 cuius
1068 2360 1367 2433 amicitia
1409 2364 1833 2444 fruebantur,
1879 2364 2345 2454 magistratum
2393 2376 2646 2431 cuncta
2691 2362 2967 2432 docent.
3057 2356 3499 2453 Magistratus
3543 2365 3747 2454 igitur
3791 2364 4063 2432 Masum
4109 2362 4392 2452 delegit,
4425 2364 4544 2452 qui

835 2466 1085 2536 Vicum
1115 2464 1472 2555 profectus
1497 2467 1521 2502 ²
1570 2467 1989 2534 deditionem
2038 2487 2123 2534 eo
2168 2477 2377 2554 pacto
2424 2467 2717 2554 accepit,
2763 2467 2861 2533 uti
2906 2467 3034 2532 nisi
3077 2466 3262 2532 infra
3307 2458 3456 2532 dies
3499 2466 3848 2554 proximos
3893 2468 4139 2534 decem
4185 2489 4229 2534 a
4271 2462 4546 2533 Pisanis

837 2566 1210 2637 subsidium
1254 2568 1613 2650 haberent,
1650 2566 1978 2656 oppidum
2011 2564 2425 2636 Florentinis
2469 2567 2544 2635 in
2571 2569 2780 2635 fidem
2810 2569 3177 2635 traderent.
3275 2566 3494 2646 Quod
3521 2588 3675 2634 cum
3708 2566 4208 2658 significassent
4250 2562 4542 2645 Pisanis,

834 2695 967 2740 nec
1028 2668 1288 2761 aliquid
1333 2665 1608 2760 subsidij
1657 2673 1975 2751 venisset,
2023 2672 2181 2758 post
2224 2671 2373 2738 dies
2421 2671 2668 2738 decem
2715 2670 3045 2759 oppidum
3095 2682 3602 2751 concesserunt,
3650 2672 3840 2759 quod
3883 2670 4122 2739 Masus
4164 2671 4405 2759 positis
4451 2670 4544 2737 ad
4585 2672 4663 2736 20

837 2775 1216 2842 custodiam
1263 2772 1587 2841 militibus
1635 2768 2074 2839 communivit
2095 2770 2140 2839 ⁸.

1009 2876 1330 2962 Recepto
1377 2872 1581 2963 igitur
1624 2866 1804 2941 Vico
1849 2873 2305 2962 militibusque
2352 2870 2425 2939 i'n
2468 2870 2771 2961 presidio
2817 2872 3077 2962 positis,
3124 2874 3464 2954 cohortes„
3512 2894 3647 2964 que
3693 2876 3786 2943 ad
3832 2872 4372 2965 oppugnandum
4405 2886 4543 2943 ste-

828 2994 1074 3062 terant,
1117 2976 1191 3047 in
1237 2993 1463 3048 castra
1506 2998 1759 3047 venere
1807 2991 2145 3069 auctoque
2192 2978 2326 3048 illis
2373 2974 2680 3047 exercitu
2724 2982 2983 3047 arctius
3013 2981 3253 3068 pisana
3302 2980 3539 3049 civitas
3567 2981 3961 3071 urgebatur.
4053 2978 4297 3050 Rebus
4329 2981 4433 3048 sic
4465 3002 4540 3048 se

829 3066 1260 3162 habentibus,
1306 3078 1577 3149 Pisanis
1618 3100 1753 3148 nec
1798 3080 2215 3149 frumentum
2262 3102 2394 3149 nec
2443 3078 2627 3149 aliud
2675 3094 2843 3162 erat,
2890 3100 3026 3171 quo
3088 3081 3515 3151 substentare
3575 3085 3831 3151 victum
3892 3098 4214 3170 possent,
4277 3084 4542 3150 inanita

832 3186 1150 3276 frugibus
1183 3185 1487 3274 cibisque
1523 3183 1834 3252 omnibus
1877 3200 2101 3251 vacua
2142 3198 2349 3273 atque
2398 3204 2595 3251 erasa
2643 3184 2880 3251 civitas
2923 3184 3220 3272 prebere
3250 3184 3421 3252 nihil
3463 3196 3775 3273 poterat:
3809 3188 3998 3273 quod
4042 3176 4289 3254 ieiunis
4336 3187 4541 3254 etiam
4586 3185 4660 3252 25

838 3290 1055 3356 avidis
1096 3288 1247 3355 usui
1278 3287 1487 3354 foret.
1571 3286 1913 3353 Videntes
1955 3306 2122 3375 ergo
2167 3287 2403 3354 Pisani
2451 3289 2764 3353 fortunas
2809 3307 3047 3353 omnes
3091 3304 3247 3354 suas
3276 3288 3349 3353 in
3381 3299 3686 3355 extremo
3731 3288 3913 3369 sitas,
3959 3282 4231 3355 validos
4278 3299 4353 3354 et
4378 3308 4539 3375 per·-

833 3392 1095 3458 tinaces
1138 3392 1394 3470 hostes,
1440 3387 1809 3455 subsidium
1854 3408 1927 3454 se
1975 3400 2347 3475 expectare
2394 3389 2656 3454 nullum
2704 3400 2774 3454 et
2818 3389 3002 3455 fame
3049 3390 3359 3476 protrahi
3389 3390 3648 3457 bellum
3677 3410 3820 3457 non
3848 3408 4077 3478 posse,
4123 3389 4538 3457 necessitate

830 3494 1076 3572 coacti,
1125 3503 1458 3581 ceperunt
1503 3491 1593 3558 de
1641 3491 2091 3558 concessione
2141 3490 2436 3559 civitatis
2478 3510 2633 3559 cum
2678 3490 3094 3559 Florentinis
3136 3503 3456 3560 tractare.
3549 3494 3864 3580 Guaspar
3896 3492 4326 3574 vaianensis,
4365 3493 4538 3560 civis

826 3597 1129 3684 pisanus,
1160 3596 1251 3661 ad
1295 3594 1706 3681 pau-andum
1752 3594 2103 3684 negotium
2149 3606 2419 3660 secreto
2464 3593 2879 3661 mittebatur.
2971 3595 3053 3660 In
3098 3596 3406 3661 exercitu
3453 3608 3688 3663 nostro
3732 3607 4059 3683 preerant
4103 3595 4328 3662 Ginus
4351 3596 4539 3682 Cap—

827 3696 1076 3786 ponius
1119 3713 1249 3784 pro
1296 3694 1727 3774 decemviris,
1772 3696 2125 3762 Mattheus
2168 3697 2602 3763 castellanus
2648 3707 2717 3762 et
2761 3695 3064 3783 Jacobus
3107 3697 3515 3785 Janfiliatius
3559 3698 3653 3764 ad
3713 3697 4056 3764 exercitus
4116 3713 4355 3764 curam
4416 3698 4541 3764 de-
4581 3698 4658 3762 30

826 3798 1018 3877 lecti3
1066 3810 1299 3886 preter
1341 3800 1475 3865 hos
1514 3798 1703 3863 missi
1749 3817 2025 3885 quoque
2071 3798 2351 3864 fuerunt
2394 3817 2438 3865 e
2483 3798 2894 3864 decemviris
2939 3799 3100 3879 duo,
3130 3796 3659 3865 Bartholomeus
3702 3798 4146 3867 Corbinellus
4199 3811 4278 3866 et
4320 3799 4541 3865 Nico-

828 3902 977 3970 lsus
1017 3902 1453 3970 Davanzams
1473 3898 1521 3967 ⁴.
1611 3900 1791 3967 Cum
1831 3900 1947 3967 his
1989 3900 2220 3986 sepius
2264 3921 2392 3986 per
2438 3901 2902 3987 Guasparrem
2947 3901 3204 3988 agitata
3264 3923 3376 3968 res
3435 3901 3810 3988 prebuerat
3867 3901 4286 3988 perficiendi
4341 3923 4539 3989 spem

825 4004 1132 4092 nihilque
1179 4014 1536 4090 supererat
1579 4013 1815 4092 preter
1844 4002 2012 4070 dare
2059 4002 2317 4093 negotii
2365 4003 2553 4070 diem
2577 4001 2622 4070 ⁵.

1010 4207 1058 4245 1.
1093 4191 1433 4258 substinere]
1474 4195 1512 4243 l.
1533 4194 1600 4244 L.
1621 4194 1706 4243 M.
1732 4192 2012 4245 sustinere
2050 4217 2073 4229 ·
2100 4189 2306 4257 redire]
2348 4192 2405 4243 S.
2435 4191 2688 4243 redirent
2714 4223 2779 4231 —
2807 4205 2855 4243 2.
2882 4191 3067 4259 Duos]
3095 4194 3153 4246 S.
3177 4194 3246 4245 R.
3269 4197 3351 4246 M.
3379 4197 3510 4246 Duo
3538 4223 3603 4232 -—
3629 4208 3681 4261 3.
3707 4192 4001 4260 deductus]
4042 4197 4115 4246 R.
4136 4196 4218 4246 Μ.
4257 4194 4536 4247 adductus

831 4305 898 4316 -
937 4293 988 4346 4.
1026 4275 1319 4343 animalia]
1367 4280 1432 4329 0.
1470 4276 1781 4329 hanimalia
1817 4301 1841 4314 -
1876 4273 2191 4339 civitatem]
2233 4276 2306 4325 R.
2325 4276 2411 4325 Μ.
2449 4277 2687 4327 civitate
2727 4307 2792 4315 —
2828 4275 2880 4327 6.
2918 4275 3060 4341 fere]
3102 4280 3173 4329 R.
3211 4280 3278 4328 ka
3314 4279 3432 4330 fere
3469 4285 3699 4330 corrono
3734 4279 3794 4329 in
3841 4292 3987 4348 pene
4025 4304 4048 4316 -
4096 4276 4223 4344 sut]
4259 4280 4326 4330 P.
4363 4280 4422 4329 et
4460 4306 4525 4317 -

822 4362 877 4414 8.
929 4359 1074 4425 eam]
1128 4363 1201 4414 R.
1235 4363 1331 4414 M·
1370 4376 1521 4412 omn.
1559 4387 1584 4399 ·
1619 4357 1794 4424 tueri]
1832 4362 1906 4414 R.
1957 4359 2143 4414 teneri
2188 4387 2257 4397 -
2303 4371 2458 4425 9-10.
2508 4359 2917 4426 benivolentia]
2975 4361 3039 4412 V.
3063 4363 3130 4412 P.
3158 4364 3232 4414 R.
3259 4363 3319 4415 S.
3345 4365 3429 4414 M.
3477 4362 3877 4415 benevolentia
3925 4390 3993 4400 --
4035 4375 4116 4415 10.
4154 4360 4525 4430 oportunum]

828 4445 892 4497 0.
928 4446 983 4496 V.
1005 4446 1076 4496 R.
1098 4447 1183 4496 M.
1219 4446 1601 4512 opportunum
1639 4470 1663 4482 -
1697 4441 1835 4507 fuit]
1877 4445 1936 4495 S.
1960 4445 2031 4494 R.
2053 4446 2135 4498 M.
2172 4443 2361 4495 fuerat
2388 4473 2453 4482 —
2485 4457 2570 4496 11.
2609 4442 2958 4513 oppidoque]
3000 4447 3060 4496 G.
3078 4447 3145 4496 P.
3181 4445 3467 4514 opidoque
3503 4472 3527 4484 -
3562 4444 3900 4513 aliquando]
3947 4448 4016 4500 Θ.
4052 4462 4204 4498 omn
4231 4473 4297 4485 -
4328 4458 4411 4497 12.
4438 4461 4528 4498 su·

727 4538 755 4592 5
816 4527 1062 4596 pei-esse]
1101 4531 1158 4579 in
1199 4531 1260 4580 C.
1300 4543 1466 4595 super
1503 4527 1537 4577 ὁ
1570 4529 1844 4594 affixum
1881 4528 2227 4580 interlineare
2261 4555 2329 4564 -
2371 4541 2548 4594 1²·13·
2588 4530 2940 4580 Florentinis
2967 4527 3053 4594 in]
3103 4531 3166 4582 0.
3203 4530 3268 4583 in
3304 4531 3656 4581 Florentinis
3694 4557 3761 4565 —-
3795 4542 3874 4594 13.
3923 4529 4052 4596 fide]
4093 4533 4167 4582 R.
4190 4532 4270 4584 M·
4308 4531 4474 4582 fidem
4512 4557 4535 4568 -

826 4612 1069 4679 credere]
1122 4613 1179 4664 V.
1217 4612 1445 4664 eredere
1480 4613 1745 4680 reputent
1777 4637 1803 4649 -
1837 4609 2126 4679 reputent]
2182 4611 2240 4663 V.
2279 4627 2429 4663 omm-
2467 4637 2492 4650 -
2525 4611 2794 4678 cariores]
2819 4614 2887 4663 P.
2911 4614 3201 4666 chariores
3228 4642 3294 4651 —-
3327 4627 3408 4679 14.
3435 4614 3759 4665 tenentibus
3795 4615 3982 4667 adhuc
4018 4613 4098 4679 se]
4140 4616 4213 4665 R.
4239 4629 4300 4665 se
4334 4617 4530 4667 tenen·

824 4697 981 4750 tibus
1013 4696 1197 4752 adhue
1233 4722 1257 4733 -
1290 4693 1496 4760 adhue]
1552 4695 1610 4747 V.
1647 4694 1831 4747 aduhe
1865 4722 1931 4732 —
1974 4705 2153 4760 14-15.
2193 4694 2495 4760 similibus]
2549 4697 2690 4747 V.P.
2725 4696 2818 4747 his
2853 4697 3133 4750 similibus
3171 4726 3238 4735 —
3281 4709 3362 4763 15.
3400 4696 3557 4765 alijs]
3610 4699 3666 4749 V.
3704 4699 3830 4766 alijg
3869 4700 4046 4749 RM.
4073 4699 4313 4766 alijsque
4349 4723 4374 4737 ·
4398 4697 4531 4763 sibi]

827 4782 887 4834 S.
924 4782 1036 4833 sibi
1070 4796 1208 4848 pr03
1244 4781 1303 4832 in
1341 4782 1403 4833 C.
1429 4781 1564 4844 dopo
1599 4780 1711 4831 sibi
1744 4797 1815 4830 un
1838 4792 1878 4844 p
1915 4785 2126 4843 espunto
2163 4806 2186 4818 ·
2223 4778 2596 4845 deditionem]
2638 4782 2697 4832 S.
2735 4782 3116 4834 dedictionem
3142 4811 3210 4821 -
3238 4792 3319 4844 17.
3347 4781 3578 4849 delegit]
3617 4784 3706 4834 La
3741 4784 3938 4834 sillaba
3973 4783 4058 4849 git
4093 4784 4148 4832 in
4177 4785 4238 4836 C.
4262 4800 4324 4833 ss
4360 4786 4532 4836 litm

825 4894 892 4904 —
933 4865 1019 4916 18.
1056 4861 1429 4928 deditionem]
1470 4865 1528 4915 S.
1569 4864 1953 4918 dedicuonem
1986 4889 2011 4902 -
2036 4861 2148 4929 uti]
2185 4866 2257 4915 R.
2286 4866 2369 4916 M.
2408 4867 2471 4916 ut
2505 4889 2528 4903 ·
2566 4864 2706 4930 nisi]
2743 4868 2935 4918 scritto
2970 4867 3027 4916 in
3081 4869 3141 4919 C.
3168 4863 3216 4931 ,ξς
3254 4870 3325 4919 R.
3347 4871 3430 4920 M.
3467 4868 3561 4925 niz
3601 4868 3659 4918 S.
3697 4866 3966 4919 nimirum
4004 4873 4237 4918 corratio
4272 4868 4346 4917 in·
4369 4867 4430 4918 ni
4471 4897 4537 4906 —

698 4963 762 5000 10
829 4964 908 5018 19.
946 4948 1261 5019 oppidum]
1285 4949 1345 5000 C.
1383 4947 1616 5013 opidum
1652 4973 1675 4985 -
1711 4947 1773 4998 in
1808 4946 1992 5012 fidem]
2030 4948 2097 4997 P.
2136 4962 2288 4998 onam.
2327 4976 2393 4986 —
2432 4960 2517 4999 20.
2554 4949 2849 5017 oppidum]
2905 4953 2965 5004 G.
3002 4952 3234 5018 opidum
3280 4978 3304 4989 -
3338 4949 3554 5016 Masus]
3602 4953 3666 5002 Θ.
3693 4950 3908 5004 Masius
3946 4977 4013 4988 -—-
4062 4963 4150 5001 22.
4176 4949 4429 5018 recepto]
4467 4953 4538 5002 L.

821 5037 1164 5102 acceptoque
1199 5058 1223 5071 -
1259 5029 1387 5097 que]
1429 5032 1488 5082 S.
1527 5033 1625 5094 qul
1652 5059 1718 5069 —
1759 5042 1843 5095 ²3·
1868 5028 2109 5095 arctius]
2157 5034 2222 5083 0.
2259 5032 2515 5095 auctius3
2568 5033 2624 5084 V.
2661 5029 2843 5086 artius
2880 5063 2947 5073 -
2986 5049 3071 5102 24.
3097 5034 3475 5100 substentare]
3515 5037 3587 5087 R.
3611 5037 3695 5086 M.
3731 5037 4044 5088 sustentare
4070 5065 4136 5074 —
4164 5045 4249 5099 25.
4289 5032 4461 5099 nihil]
4498 5037 4537 5084 l.

822 5117 1001 5169 nichil
1035 5143 1060 5156 -
1094 5112 1332 5179 ieiunis]
1389 5116 1443 5165 V.
1461 5115 1528 5166 P.
1553 5117 1633 5166 M.
1674 5115 1934 5183 ieiunijs3
1981 5117 2045 5166 O.
2082 5114 2333 5167 ieiunius
2359 5144 2426 5154 —
2454 5114 2537 5166 26.
2563 5116 2720 5185 ergo]
2756 5119 2824 5169 P.
2861 5118 3041 5185 igitur
3080 5146 3102 5157 -
3140 5117 3291 5183 suas]
3329 5122 3396 5171 P.
3424 5133 3556 5171 suos
3582 5147 3648 5157 -
3676 5128 3762 5184 27.-
3783 5116 3866 5184 se]
3908 5118 3972 5170 0.
3999 5133 4149 5171 onum.
4177 5147 4244 5157 —
4270 5118 4356 5170 28.
4384 5117 4536 5170 Gus-

823 5199 995 5268 sparl,
1019 5202 1078 5252 S.
1100 5203 1173 5252 R.
1192 5201 1276 5251 Μ.
1315 5198 1538 5263 Gaspar
1573 5221 1641 5236 —
1679 5211 1763 5265 29.
1803 5198 2119 5265 negotium]
2164 5201 2223 5252 C.
2246 5201 2311 5251 0.
2349 5201 2403 5250 V.
2422 5202 2489 5251 P.
2513 5201 2571 5252 S.
2613 5200 2907 5268 negocium
2947 5233 3011 5243 —
3037 5217 3125 5268 30.
3149 5204 3455 5271 Mattheus]
3491 5204 3558 5253 P.
3585 5204 3846 5255 Matheus
3868 5230 3892 5242 -
3910 5200 4278 5269 Janfilistius]
4314 5203 4354 5252 1.
4378 5202 4447 5252 L.
4471 5203 4534 5253 0.

813 5285 1189 5354 Janfiliaetius
1226 5314 1290 5323 —
1327 5296 1416 5348 3²·
1450 5283 1542 5334 his
1578 5280 1795 5349 sepius]
1841 5285 1905 5336 0.
1944 5300 2095 5335 amm.
2133 5309 2157 5322 ·
2193 5283 2403 5353 sepius]
2452 5286 2520 5337 P.
2558 5298 2690 5354 sepe
2724 5311 2747 5323 -
2783 5285 3183 5355 Guasparrem]
3214 5287 3278 5338 0.
3306 5288 3681 5355 Guasparemg
3718 5289 3791 5339 R.
3812 5289 3871 5339 S.
3891 5291 3975 5341 Μ.
4002 5288 4313 5356 Gai-parem
4349 5313 4375 5325 -
4410 5301 4536 5353 per-

689 5382 749 5436 15
810 5370 1034 5422 finiendi
1068 5366 1244 5438 spem]
1281 5370 1349 5419 P.
1386 5383 1545 5435 spem
1579 5367 1904 5434 perficiendi
1940 5394 1966 5407 -
1999 5366 2349 5437 perficiendi]
2389 5372 2463 5421 R.
2497 5370 2584 5420 M.
2637 5370 3009 5438 perficiendae
3044 5374 3127 5423 rei
3178 5401 3244 5411 —
3283 5385 3369 5437 33.
3406 5371 3685 5438 nihilque]
3724 5375 3762 5423 l.
3802 5372 4087 5439 nichilque
4123 5397 4147 5411 ·
4191 5369 4348 5437 dare]
4386 5374 4425 5421 1.
4461 5372 4529 5422 L.

1008 5509 1027 5544 ¹
1073 5507 1355 5576 Trepidl..
1375 5546 1421 5562 ..
1446 5512 1682 5564 audebat
1704 5507 1799 5576 (da
1819 5528 1873 5580 p.
1903 5523 1988 5578 23,
2012 5511 2049 5564 1.
2084 5522 2143 5576 15
2171 5523 2206 5564 a
2227 5528 2282 5580 p.
2301 5493 2386 5579 24,
2413 5513 2451 5565 l.
2474 5511 2534 5579 4)
2558 5511 2630 5565 cf.
2739 5513 2834 5566 dai
2868 5514 3193 5567 Fiorentini
3229 5516 3270 5566 il
3311 5527 3374 5581 17
3413 5505 3565 5583 (vedi
3602 5516 3696 5569 fra
3730 5516 3814 5584 gli
3849 5515 3985 5568 altri
4022 5516 4141 5568 San
4176 5516 4388 5577 Norat,
4431 5511 4532 5579 57).

830 5587 2201 5659 merom,1137D-E.Ne11³im1muraeeonto
2216 5591 2628 5659 epiucolorito.
2916 5595 2938 5631 ⁴
2972 5598 2999 5648 Ι
3037 5591 3202 5649 Dieci
3238 5595 3670 5651 autorizzarono
3709 5600 3729 5648 i
3766 5599 3888 5649 loro
3925 5597 4166 5665 colleghi
4215 5611 4252 5649 a
4301 5597 4532 5647 trattare

1008 5675 1034 5712 ²
1069 5679 1353 5731 L'Albizzi
1388 5678 1455 5730 fu
1490 5675 1759 5731 mandato
1782 5694 1818 5729 a
1841 5678 1985 5729 Vico
2013 5680 2109 5730 dai
2132 5679 2294 5730 Dieci
2320 5679 2361 5730 il
2387 5694 2422 5745 4
2452 5680 2628 5746 luglio
2738 5682 2779 5732 il
2817 5684 2885 5736 28
2919 5682 3125 5750 luglio:
3167 5679 3196 5708 ⁰¹
3217 5684 3428 5734 Darete
3452 5683 3620 5734 modo
3646 5684 3706 5733 di
3731 5684 3991 5735 acozarvi
4016 5696 4129 5732 con
4152 5682 4247 5732 chi
4268 5677 4302 5731 e
4326 5682 4531 5731 venuto
4579 5680 4638 5733 25

829 5761 1069 5830 (Dieci
1123 5763 1195 5814 di
1243 5759 1482 5825 balla,
1520 5778 1639 5829 reg.
1677 5764 1787 5825 cia,
1821 5777 1872 5813 c.
1905 5762 2090 5831 119t).
2738 5767 2884 5836 “per
2932 5769 3093 5838 parte
3143 5767 3230 5819 de'
3267 5765 3630 5820 Gambaeorti
3683 5781 3842 5833 ecc.„
3897 5764 4133 5836 (Dleci
4186 5767 4256 5817 di
4307 5762 4502 5819 balla

706 5860 777 5901 20
1004 5844 1028 5881 ³
1067 5850 1438 5903 continua...
1475 5848 1815 5900 communivit
1849 5847 1924 5914 (u.
1963 5846 2114 5914 5-21)
2151 5848 2223 5900 of.
2260 5849 2378 5900 Sea
2414 5851 2625 5914 Not-ar,
2733 5867 2848 5919 reg.
2889 5855 2999 5914 cit„
3037 5865 3085 5903 c.
3132 5851 3271 5919 120).

830 5930 901 5997 56
933 5947 965 5984 e
1004 5937 1091 5999 37.
2909 5933 2934 5970 ⁵
2974 5939 3317 6003 Recepto....
3356 5937 3496 5989 diem
3533 5935 3608 6005 (11.
3635 5936 3827 6006 22-33)
3853 5935 3929 5991 cf.
3957 5937 4251 6002 CAPPom,
4285 5945 4418 6002 1137
4439 5931 4480 5986 E
4501 5947 4530 5985 e

1003 6020 1146 6074 Vico
1181 6019 1230 6073 si
1264 6034 1451 6074 ari-ese
1488 6019 1969 6076 definitivamente
2006 6020 2046 6074 il
2090 6020 2187 6086 163
2234 6021 2296 6074 su
2343 6026 2624 6094 occupato
2740 6022 2877 6088 1138
2896 6023 2975 6077 Α.
