4823 7100
1209 442 1354 519 DE
1408 440 2119 519 CAPTIVITATE
2172 438 2646 515 PISARUM
2697 438 3007 514 LIBER
3860 436 3959 513 23

261 711 443 799 poris
487 732 575 779 ac
621 711 763 779 loci
811 709 1181 797 corruptio,
1224 721 1300 776 ut
1343 708 1684 776 validiora
1713 707 1921 775 etiam
1970 727 2263 794 corpora
2308 705 2642 773 inficeret.
2734 703 2997 772 Febres
3038 716 3201 791 post
3245 705 3380 771 hec
3425 715 3662 771 secute
3706 716 3865 770 sunt
3895 714 3968 772 et

263 829 450 884 tanta
493 817 787 883 militum
829 815 1213 883 invalitudo
1257 827 1461 903 atque
1507 814 1852 893 debilitas,
1899 825 1979 880 ut
2021 813 2275 901 passim
2320 811 2646 899 prostrati
2689 810 3003 877 iacerent
3031 809 3074 877 ¹.
3162 809 3279 878 Ad
3333 812 3711 879 curandam
3755 810 3964 899 igitur

264 923 710 992 valitudinem
757 934 830 990 et
873 921 1281 989 seditionem
1312 922 1687 989 tollendam
1732 921 2252 1010 urgendamque
2299 917 2563 985 enixius
2608 916 2959 984 civitatem
3003 916 3135 984 rati
3164 928 3324 985 sunt
3352 937 3604 985 novam
3634 918 3967 986 inducere

264 1029 426 1098 belli
470 1029 789 1097 formam.
878 1027 1332 1095 Communitis
1374 1027 1610 1116 itaque
1657 1026 1751 1093 ad
1793 1027 2135 1117 integrum
2179 1024 2502 1113 presidiis
2548 1036 2894 1111 ponteque
2937 1035 3257 1110 reparato
3303 1037 3374 1091 et
3417 1026 3650 1093 valida
3697 1038 3963 1103 catena,

190 1136 223 1203 ⁵
266 1154 397 1223 que
442 1134 1112 1221 perpendiculariter
1156 1146 1352 1201 tensa
1394 1132 1483 1201 ab
1528 1155 1712 1221 aqua
1756 1131 2061 1201 trabibus
2103 1131 2482 1212 levabatur,
2515 1131 2802 1210 munito,
2847 1129 3096 1197 milites
3142 1130 3234 1198 ad
3280 1131 3664 1199 custodiam
3709 1132 3787 1197 in
3831 1130 3970 1196 illis

263 1240 430 1308 locis
460 1239 792 1308 habunde
821 1239 1239 1328 relinquunt,
1275 1250 1346 1307 et
1375 1250 1612 1326 preter
1641 1258 1763 1307 eos
1795 1239 2099 1305 validam
2130 1258 2408 1304 manum
2439 1256 2850 1324 permanere
2881 1236 3141 1317 iubent,
3173 1236 3292 1325 qui
3318 1236 3563 1306 itinera
3605 1238 3961 1325 utriusque

262 1345 513 1415 littoris
555 1346 887 1414 infestent
927 1346 1405 1434 neminemque
1451 1345 1808 1432 preterire,
1838 1364 1928 1411 ne
1960 1344 2217 1432 quidve
2262 1343 2619 1430 importari
2665 1343 2890 1410 sinant
2914 1343 2959 1410 2.
3051 1343 3227 1411 Cum
3260 1343 3444 1409 omni
3475 1343 3738 1431 reliquo
3770 1362 3970 1411 exer-

267 1454 402 1521 citu
454 1453 657 1520 Pisas
718 1452 1163 1541 pretergressi
1206 1452 1409 1518 trium
1454 1451 1716 1519 milium
1761 1450 1982 1539 spatio
2028 1451 2361 1520 Sfortiam
2406 1471 2567 1516 cum
2611 1450 2858 1517 minori
2902 1450 3207 1538 equitum
3258 1450 3714 1538 peditumque
3774 1462 3972 1539 parte

264 1561 334 1626 in
375 1557 982 1646 septemptrionali
1024 1557 1199 1624 Arni
1245 1557 1476 1625 littore
1522 1558 1883 1626 collocant.
1975 1556 2210 1625 Minor
2254 1576 2416 1645 pars
2462 1576 2548 1623 eo
2595 1556 2667 1622 in
2711 1557 2904 1625 loco'
2937 1557 3301 1625 distributa
3345 1569 3450 1623 est
3493 1556 3960 1644 oportunitate
4111 1588 4153 1620 e.
4182 1584 4244 1626 so
4272 1587 4300 1617 r

160 1669 225 1733 10
266 1676 670 1745 eunom,
717 1684 854 1753 que
902 1665 973 1730 in
1020 1665 1268 1732 eodem
1312 1664 1546 1735 littore
1590 1665 1683 1732 ad
1728 1664 2079 1732 obsessum
2125 1663 2377 1730 Vicum
2423 1662 2668 1730 sedulo
2715 1662 3172 1731 considebant
3218 1675 3289 1730 et
3334 1663 3541 1731 rebus
3587 1665 3966 1731 communi-

269 1772 393 1840 bus
439 1771 780 1840 inservire
823 1772 1247 1859 percomode
1291 1782 1632 1858 poterant.
1722 1770 2107 1839 Tartaliam‘
2130 1782 2201 1837 et
2233 1781 2505 1837 ceteras
2549 1790 2785 1838 omnes
2833 1770 3069 1856 copias
3113 1782 3356 1838 contra
3401 1772 3475 1837 in
3521 1772 3815 1839 adverso
3861 1772 3975 1838 lit-

267 1890 415 1945 tore
464 1880 745 1945 firmant
786 1878 1110 1964 iactoque
1155 1897 1367 1964 super
1409 1878 1704 1965 scaphas
1746 1889 1960 1964 ponte
2007 1896 2438 1946 communem
2503 1888 2885 1945 castrorum
2946 1877 3208 1943 aditum
3273 1877 3565 1945 faciunt.
3653 1878 3975 1946 Pluribus

263 1987 499 2074 itaque
548 1985 721 2052 locis
763 1983 1121 2051 distributo
1166 1983 1495 2064 exercitu,
1546 1997 1798 2052 cuncta
1842 1985 2074 2051 menia
2120 1983 2754 2051 circumveniebant
2797 1984 3014 2052 nostri
3057 1983 3436 2073 maiorique
3485 1984 3845 2053 obsidione
3879 1987 3977 2054 ci-

263 2092 551 2158 vitatem
594 2091 937 2180 urgebant
982 2102 1054 2159 et
1097 2091 1215 2159 die
1259 2103 1603 2179 nocteque
1649 2091 1743 2158 ad
1788 2103 2023 2178 portas
2070 2090 2302 2157 infesti
2345 2089 2926 2179 predabundique
2973 2089 3422 2157 imminebant
3446 2090 3493 2157 ⁸.

161 2196 225 2264 15
442 2198 742 2286 Trepidi
774 2209 1018 2264 contra
1044 2196 1312 2277 Pisani3
1347 2218 1778 2286 quocumque
1824 2198 2283 2277 intenderant,
2313 2219 2428 2264 res
2459 2197 2748 2264 adverse
2797 2209 2991 2264 erant
3039 2209 3108 2262 et
3136 2197 3228 2263 ad
3261 2197 3511 2265 malum
3540 2219 3760 2285 prone
3793 2198 3974 2264 infe·

266 2304 491 2371 liciter
538 2303 1096 2372 succumbebant.
1191 2303 1462 2383 Quibus
1509 2303 2015 2371 difficultatibus
2060 2303 2240 2392 anxij
2294 2324 2451 2370 cum
2499 2315 2746 2384 essent,
2793 2324 2953 2391 spes
2997 2304 3203 2370 unica
3249 2315 3397 2370 erat
3442 2324 3786 2371 murorum
3850 2326 3969 2371 cu-

269 2411 495 2478 stodia
543 2423 613 2478 et
658 2411 922 2478 diutino
969 2410 1154 2478 bello
1199 2412 1295 2478 ita
1337 2410 1771 2477 florentinum
1816 2410 2147 2498 populum
2180 2410 2498 2499 fatigare,
2528 2422 2624 2490 ut,
2672 2409 2955 2476 militum
2986 2410 3174 2477 tedio
3223 2422 3292 2477 et
3339 2410 3745 2478 tributorum
3789 2412 3973 2479 solu·

271 2518 454 2585 tione
506 2516 777 2606 agitatis
823 2516 1105 2598 civibus,
1148 2537 1397 2608 pacem
1442 2518 1722 2585 tandem
1766 2516 2034 2597 darent,
2083 2516 2327 2605 quibus
2376 2516 2882 2584 conditionibus
2926 2517 3203 2583 vellent.
3293 2517 3450 2584 Hoc
3481 2492 3631 2584 ra⁸to
3666 2519 3975 2598 consili0‚

269 2624 630 2711 Johannes
676 2622 1160 2703 Gambacurta‚
1208 2624 1325 2713 qui
1372 2624 1446 2690 in
1464 2622 1480 2653 '
1528 2624 1799 2690 civitate
1848 2625 2043 2713 quasi
2089 2624 2403 2691 dominus
2448 2623 2863 2711 presidebat,
2916 2634 2991 2689 ut
3051 2622 3301 2690 diutius
3354 2621 3732 2691 substinere
3798 2624 3980 2692 obsi·
4127 2655 4169 2684 c·
4196 2653 4257 2692 so
4277 2648 4300 2684 e

154 2732 228 2796 20
269 2731 553 2798 dionem
595 2729 882 2810 valeret,
929 2730 1159 2797 statuit
1203 2731 1451 2817 inopes
1481 2751 1719 2797 omnes
1748 2740 1953 2819 atque
1982 2729 2298 2796 imbelles
2344 2743 2538 2797 extra
2582 2730 2928 2797 civitatem
2958 2729 3247 2810 mittere,
3297 2730 3683 2798 existimans
3711 2745 3978 2818 pastum
4025 2697 4210 2794 '⁸222
4240 2697 4352 2738 ω’
4398 2708 4448 2737 “

274 2838 389 2926 qui
436 2848 799 2925 supererat
844 2836 1137 2927 longiori
1183 2849 1493 2925 tempore
1538 2836 2047 2904 remanentibus
2091 2837 2478 2905 subvenire.
2570 2836 2774 2903 Multi
2801 2847 2962 2923 post
2990 2837 3124 2903 hec
3155 2836 3497 2917 mortales,
3529 2837 3774 2926 quibus
3806 2859 3975 2925 opes

272 2963 415 3012 non
462 2956 682 3024 erant,
731 2942 920 3011 abire
964 2942 1135 3010 urbe
1182 2955 1338 3011 sunt
1381 2944 1563 3023 iussi,
1610 2964 1898 3032 quorum
1954 2943 2266 3032 plerique
2328 2944 2720 3011 tenuissimo
2784 2945 2970 3010 victu
3029 2944 3227 3010 anxie
3291 2955 3494 3011 antea
3554 2943 3980 3026 substentati,

277 3051 566 3119 elevatis
612 3050 704 3117 ad
751 3052 976 3117 celum
1022 3049 1354 3131 manibus,
1400 3049 1849 3140 emigrabant.
1940 3050 2263 3119 Ceterum
2308 3064 2617 3118 rectores
2662 3051 2874 3117 nostri
2937 3051 3297 3130 exereitus,
3359 3050 3981 3119 animadvertentes

271 3158 458 3225 idem
508 3158 698 3246 quod
758 3157 1211 3225 intendebant
1274 3155 1555 3235 obsessi,
1600 3177 1905 3244 precone
1952 3156 2387 3244 publicarunt
2432 3156 2569 3223 vite
2617 3157 3025 3244 supplicium
3089 3158 3378 3244 captivis
3440 3158 3752 3226 omnibus
3812 3158 3981 3225 urbe

166 3262 240 3329 25
283 3265 644 3351 profectis.
738 3263 1053 3343 Quorum
1095 3264 1461 3331 nonnullos
1504 3263 1726 3351 primo
1774 3263 1945 3331 locis
1990 3263 2388 3331 editioribus
2435 3263 2507 3329 in
2554 3276 2930 3350 conspectu
2977 3264 3267 3331 civitatis
3310 3263 3539 3351 palam
3601 3265 3980 3353 suspende-

277 3382 436 3437 runt
483 3371 765 3458 laqueo;
813 3371 1148 3459 quosdam
1192 3390 1360 3438 vero
1392 3381 1677 3438 necatos
1709 3382 1779 3437 et
1806 3371 1879 3436 in
1908 3369 2241 3437 naviculis
2269 3370 2531 3457 positos
2561 3370 2653 3436 ad
2684 3389 2843 3437 suos
2875 3370 3062 3436 cives
3089 3370 3365 3437 flumine
3398 3371 3577 3438 duce
3608 3370 3987 3451 mittebant,

277 3477 612 3564 appositis
655 3477 928 3565 scriptis
973 3477 1265 3543 eandem
1311 3488 1595 3544 mortem
1660 3476 2089 3544 edicentibus
2150 3476 2400 3543 ceteris
2458 3474 2629 3542 urbe
2694 3475 3117 3543 exeuntibus.
3207 3477 3388 3543 Dum
3449 3499 3535 3545 ea
3594 3491 3979 3568 agerentia,

275 3583 716 3650 nihilominus
761 3585 829 3650 vi
875 3603 960 3650 ac
1003 3583 1201 3651 minis
1247 3582 1681 3652 emittebatur
1725 3583 1947 3671 plebs,
1995 3597 2065 3651 et
2109 3597 2360 3650 cuncta
2406 3606 2492 3650 ea
2536 3595 2942 3671 tempestate
2993 3584 3399 3652 necessitate
3460 3586 3712 3653 victus·
3760 3586 3979 3674 magis
4129 3618 4171 3652 c.
4196 3613 4254 3654 st
4284 3619 4311 3646 r

277 3710 486 3778 quam
533 3689 790 3777 pietate
836 3689 1069 3756 Pisani
1112 3689 1661 3758 moderabantur.
1754 3690 2134 3757 Florentini
2180 3702 2430 3769 tamen,
2465 3690 2668 3757 etiam
2698 3690 2767 3756 in
2816 3690 3050 3758 hostes
3094 3690 3410 3758 nolentes
3443 3691 3763 3759 crudeles
3808 3713 3982 3772 esse,

160 3799 238 3862 30
279 3797 682 3886 mitigarunt
724 3817 1010 3863 numero
1054 3818 1327 3886 penam,
1373 3815 1508 3863 nec
1553 3797 1844 3888 amplius
1888 3807 2106 3864 morte
2152 3796 2326 3876 illos,
2360 3797 2477 3885 qui
2504 3797 2575 3862 in
2609 3808 3018 3883 potestatem
3050 3796 3439 3878 veniebant,
3471 3797 3984 3888 persequeban-

271 3915 418 3983 tur-3
472 3913 783 3970 ceterum
818 3903 1132 3982 feminas,
1166 3902 1586 3970 circumcisis
1632 3904 1723 3969 ad
1767 3902 2165 3969 umbilicum
2211 3902 2515 3970 vestibus
2559 3903 3122 3991 extremitateque
3171 3904 3512 3971 interdum
3559 3905 3707 3972 nasi
3737 3907 3982 3992 recisa,

278 4031 509 4076 mares
554 4028 724 4076 vero
770 4009 1064 4076 nudatos
1110 4021 1180 4076 et
1221 4010 1437 4098 ignito
1483 4030 1975 4098 nonnunquam
2022 4008 2212 4075 ferro
2257 4008 2588 4097 sig-illatos
2639 4007 3063 4076 verberibus·
3095 4009 3544 4097 impellebant
3574 4012 3664 4077 ad
3708 4010 3984 4090 urbem3
4139 4031 4296 4080 Μαι..
4330 4031 4403 4073 m

274 4129 362 4196 et,
410 4117 471 4182 si
519 4117 637 4205 qui
681 4116 1070 4204 pertinaces
1111 4128 1608 4196 remanserant,
1655 4116 1914 4184 onustis
1958 4137 2045 4182 ex
2089 4116 2223 4183 illis
2267 4114 2526 4182 ratibus
2570 4137 2697 4203 per
2743 4099 3164 4203 superiorem
3208 4117 3488 4183 fluvium
3522 4117 3995 4198 demittebant,

462 4383 512 4422 1.
549 4368 673 4436 hec]
700 4371 772 4421 R.
793 4373 876 4422 M.
914 4370 1023 4421 hoc
1051 4396 1075 4408 -
1102 4368 1317 4437 secute]
1364 4372 1428 4422 0.
1451 4372 1524 4422 R.
1547 4372 1629 4422 Μ.
1666 4374 1894 4437 sequutae
1920 4399 1987 4408 --
2012 4383 2063 4437 3.
2089 4368 2489 4436 valitudinem]
2542 4372 2598 4422 V.
2620 4371 2678 4423 S.
2701 4372 2775 4422 R.
2797 4372 2878 4423 M.
2917 4370 3295 4424 valetudinem
3321 4396 3346 4410 -
3370 4386 3581 4425 novam
3616 4372 3898 4439 inducere]
3940 4374 3997 4425 V.

276 4456 342 4506 P.
371 4454 638 4507 inducere
662 4469 870 4506 novam
895 4483 961 4493 —
987 4468 1038 4519 4.
1063 4452 1288 4520 catena]
1319 4456 1383 4506 0.
1417 4455 1473 4506 V.
1494 4455 1562 4505 P.
1599 4456 1844 4507 cathena
1870 4483 1936 4492 —
1960 4453 2013 4504 6.
2038 4452 2324 4520 habunde]
2356 4457 2419 4507 C.
2438 4456 2476 4505 l.
2498 4456 2565 4513 L,
2585 4456 2653 4505 Ρ.
2687 4455 2744 4508 V.
2765 4455 2825 4506 S.
2848 4457 2920 4506 R.
2940 4458 3023 4507 M.
3060 4455 3282 4507 abunde
3306 4481 3331 4494 -
3355 4455 3701 4524 relinquunt]
3728 4459 3802 4508 R.
3828 4457 4000 4510 relin-

276 4540 557 4607 querunt3
595 4540 678 4589 M.
715 4537 1061 4605 reliquerunt
1086 4566 1152 4575 —
1190 4547 1239 4599 7.
1264 4535 1498 4602 littoris]
1540 4540 1608 4588 L.
1629 4540 1714 4589 M.
1741 4537 1963 4598 litoris3
2001 4540 2064 4589 0.
2091 4537 2316 4589 lictoris
2341 4566 2407 4576 -—-
2435 4539 2486 4591 8.
2514 4535 2757 4602 milium]
2803 4536 2859 4588 V.
2877 4539 2942 4588 P.
2966 4539 3024 4589 S.
3046 4539 3119 4588 R.
3141 4540 3224 4590 Μ.
3264 4538 3501 4589 millium
3537 4565 3560 4577 ·
3584 4537 3801 4608 spatio]
3842 4539 3907 4591 Ο.
3926 4542 3995 4592 P.

278 4626 477 4694 spacio
523 4650 588 4662 —
623 4637 676 4690 9.
714 4620 1227 4688 septemptrionali]
1283 4622 1338 4673 V.
1360 4623 1419 4674 S.
1441 4624 1514 4673 R.
1536 4625 1622 4674 M.
1657 4622 2091 4690 septentrionali
2130 4649 2153 4661 -
2191 4621 2407 4688 littore]
2444 4626 2501 4674 C.
2521 4625 2591 4674 L.
2618 4623 2823 4686 litore3
2858 4624 2922 4674 0.
2950 4622 3154 4674 lictore
3178 4648 3201 4660 -
3225 4637 3295 4673 eo
3332 4624 3393 4674 in
3417 4622 3569 4688 loco]
3595 4626 3661 4675 P.
3689 4625 3751 4674 in
3778 4639 3844 4674 eo
3871 4625 3998 4676 loco

195 4722 220 4773 5
282 4734 307 4747 -
343 4703 763 4778 oportunitate]
812 4708 877 4758 0.
911 4704 968 4756 V.
990 4707 1048 4758 S.
1070 4707 1142 4756 R.
1163 4708 1247 4757 Μ.
1284 4706 1711 4775 opportunitate
1733 4735 1801 4745 -—
1835 4720 1913 4758 10.
1942 4705 2027 4771 in]
2053 4707 2126 4756 R.
2153 4722 2302 4758 onam.
2335 4732 2357 4744 -
2378 4707 2574 4758 eodem
2597 4706 2814 4771 littore]
2851 4708 2916 4758 Ο.
2944 4706 3144 4757 lictore
3169 4707 3394 4768 eodem3
3421 4709 3492 4758 L.
3517 4708 3711 4759 eodem
3735 4709 3904 4760 litore
3930 4737 3996 4747 -

287 4807 368 4845 11.
408 4787 767 4861 percomode]
806 4791 845 4840 I.
861 4790 929 4841 L.
959 4789 1284 4841 V.S.R.M.
1322 4791 1722 4859 percommode
1746 4819 1812 4829 —
1856 4804 2036 4842 11-12.
2073 4789 2292 4855 littore]
2343 4792 2405 4841 0.
2444 4789 2671 4852 lictore;
2713 4792 2780 4840 L.
2801 4791 2867 4840 P.
2906 4791 3076 4841 litore
3103 4819 3169 4828 —
3214 4804 3294 4841 12.
3322 4790 3583 4860 scaphas]
3632 4793 3696 4843 0.
3724 4793 4001 4862 schaphas

283 4903 305 4915 -
339 4872 723 4939 communem]
762 4875 831 4925 L.
856 4888 1153 4926 comunem
1190 4903 1255 4911 —
1299 4888 1380 4940 13.
1406 4874 1594 4925 menia
1628 4875 2145 4926 circumveniebant
2169 4872 2379 4937 nostri]
2428 4875 2492 4925 0.
2519 4875 2703 4925 nostri
2741 4877 2927 4926 menia
2960 4874 3473 4926 circumveniebant
3497 4902 3562 4911 —
3595 4889 3678 4940 14.
3704 4875 4000 4944 nocteque]

283 4959 343 5011 S.
364 4963 441 5011 R.
469 4962 552 5011 Μ.
591 4959 876 5023 noctuque
910 4985 978 4995 -
1021 4968 1101 5022 15.
1139 4957 1512 5024 quocumque]
1572 4960 1636 5009 Ο.
1674 4971 2009 5026 quocunque
2045 4987 2111 4995 —
2154 4956 2234 5009 16.
2274 4957 2720 5024 difficultatibus]
2772 4961 2840 5009 L.
2879 4958 3338 5011 difficcultatibus
3378 4984 3402 4997 -
3438 4956 3632 5024 unica]
3680 4960 3744 5010 0.
3771 4976 3888 5013 una
3923 4990 3990 5001 —

291 5053 373 5108 17.
401 5040 658 5108 diutino]
687 5043 759 5092 R.
782 5043 865 5093 Μ.
891 5040 1165 5093 diuturno
1190 5067 1215 5080 -
1239 5040 1631 5109 florentinum]
1661 5045 1732 5093 R.
1759 5041 2193 5095 florentinorum
2218 5068 2242 5079 -
2268 5040 2536 5110 fatigare]
2572 5044 2637 5093 0.
2665 5042 2902 5094 faticare
2928 5067 2953 5080 ·-
2978 5041 3158 5108 tedio]
3196 5044 3260 5094 Θ.
3287 5042 3483 5094 thedio
3511 5072 3576 5080 -
3611 5044 3689 5096 18.
3715 5047 4004 5097 conditio·

172 5142 230 5178 10
286 5124 484 5192 nibus]
534 5127 598 5177 0.
623 5124 1087 5177 condictionibus
1112 5153 1178 5162 —
1210 5139 1291 5192 19.
1312 5125 1624 5193 Johannes]
1666 5127 1724 5178 S.
1744 5129 1818 5178 R.
1837 5127 2156 5193 Johannes3
2197 5127 2253 5179 V.
2271 5127 2555 5193 Jovannes
2591 5153 2614 5165 ·
2642 5124 3047 5191 Gambacurta]
3080 5127 3151 5176 R.
3172 5128 3257 5177 M.
3285 5126 3721 5179 Gambacurtius
3746 5154 3769 5166 ·
3794 5129 4001 5181 substi-

284 5210 446 5278 nere]
484 5210 572 5260 As.
608 5210 889 5262 sustinere
927 5240 993 5249 —
1033 5223 1116 5261 2o.
1156 5208 1391 5275 valeret]
1443 5211 1500 5262 V.
1538 5212 1722 5262 valeat
1759 5239 1825 5248 -—-
1852 5224 1939 5262 21.
1967 5209 2278 5280 supererat]
2332 5212 2389 5262 V.
2414 5213 2702 5280 supererat
2738 5212 2850 5262 iam
2887 5236 2913 5248 -
2945 5209 3071 5276 hec]
3113 5212 3179 5263 0.
3217 5211 3325 5262 hoc
3355 5239 3421 5248 -—
3448 5223 3532 5261 22.
3570 5211 3713 5278 non]
3767 5213 3823 5264 V.
3851 5229 4001 5266 omm.

287 5321 311 5335 ·
348 5298 527 5348 anxie
559 5291 751 5359 antea]
786 5295 853 5344 P.
890 5297 1063 5347 antea
1097 5297 1265 5346 anxie
1289 5320 1314 5334 ·
1336 5293 1700 5360 substentati]
1739 5298 1822 5348 Μ.
1845 5297 1918 5346 R.
1957 5295 2260 5347 sustentati
2289 5325 2355 5335 —
2382 5309 2468 5362 23.
2495 5294 2763 5361 rectores]
2805 5297 2863 5347 S.
2891 5296 2961 5346 lea
2996 5295 3232 5346 rictorea
3265 5302 3494 5347 corretto
3517 5297 3573 5346 in
3597 5297 3893 5362 ductores3
3931 5300 4004 5350 R.

284 5379 579 5442 ductoresg
616 5380 700 5430 M.
741 5377 987 5430 victores
1023 5408 1090 5418 —-
1128 5390 1215 5445 24.
1251 5378 1637 5448 publicarunt]
1678 5381 1752 5430 R.
1789 5379 2223 5447 publicaverunt
2273 5409 2337 5417 -—
2380 5381 2465 5433 28.
2504 5379 2897 5445 nihilominus]
2949 5381 2987 5430 l.
3027 5379 3427 5431 nichilominus
3477 5408 3542 5417 —
3581 5391 3665 5446 29.
3704 5380 3901 5450 etiam]
3939 5386 4004 5435 P.

287 5479 477 5527 ouum„-
514 5464 596 5514 Μ.
622 5461 679 5515 et
703 5488 727 5501 ·
763 5463 829 5515 in
853 5462 1046 5516 hostes
1070 5463 1354 5530 nolentes]
1378 5466 1445 5515 P.
1471 5465 1730 5516 nolentes
1755 5467 1817 5515 in
1841 5464 2033 5517 hostes
2060 5495 2125 5503 —
2152 5478 2238 5530 30.
2266 5464 2631 5533 potestatem]
2674 5466 2738 5517 O.
2767 5468 3156 5533 tempestatem
3194 5495 3258 5503 —
3296 5480 3477 5533 3ο-31.
3503 5467 4006 5535 persequebantur]

176 5556 231 5611 15
288 5549 355 5599 P.
377 5550 455 5599 R.
474 5548 561 5599 Μ.
596 5549 1080 5617 prosequebantur
1104 5579 1169 5588 -
1196 5560 1282 5613 31.
1311 5546 1621 5614 interdum]
1646 5549 1713 5599 P.
1749 5549 1804 5601 V.
1831 5565 1978 5600 amm.
2010 5578 2076 5588 —
2100 5562 2187 5615 32.
2213 5549 2285 5601 ad
2311 5548 2528 5618 urbem]
2554 5551 2621 5600 P.
2646 5550 2719 5602 ab
2743 5550 2881 5601 urbe
2903 5578 2969 5587 -—
2995 5563 3081 5616 33.
3110 5549 3501 5617 demittebant]
3530 5553 3598 5603 L.
3626 5550 4010 5605 demictebant

464 5734 483 5771 ¹
523 5739 859 5793 Eadem....
895 5741 1136 5793 iacerent
1171 5739 1262 5806 (da
1298 5756 1356 5808 p.
1382 5740 1533 5807 22,1.
1557 5753 1628 5806 3ο
1664 5754 1698 5792 a
1733 5755 1790 5807 p.
1818 5753 1904 5806 23,
1940 5741 1976 5792 1.
2016 5742 2093 5809 2).
2375 5738 2399 5775 ²
2443 5742 2538 5792 Ad
2587 5744 2990 5794 curandam...
3045 5744 3224 5793 sinant
3275 5740 3354 5809 (11.
3418 5742 3535 5809 2-7)
3589 5743 3659 5795 cf.
3719 5743 4008 5808 Carrom,
4064 5758 4134 5796 20

282 5822 508 5876 Nessun
545 5824 801 5877 cronista
836 5838 1042 5877 nestun
1089 5824 1422 5877 documento
1472 5828 1528 5878 ci
1573 5826 1983 5893 ragguagliano
2034 5827 2091 5878 di
2203 5836 2336 5893 1135
2361 5826 2409 5879 C
2445 5840 2477 5878 e
2517 5835 2654 5891 1137
2672 5825 2815 5880 B-C.

281 5909 489 5975 questa
512 5907 835 5974 pestllenza.
891 5908 1013 5962 Che
1037 5909 1124 5962 sia
1161 5910 1539 5977 un’aggiunta
1563 5911 1654 5962 del
1670 5911 1967 5963 Parmam
1991 5924 2093 5980 per
2372 5908 2396 5944 ³
2439 5915 2569 5965 Cum
2619 5915 2775 5964 omm‘.
2793 5948 2806 5962 .
2826 5948 2871 5964 ..
2910 5914 3247 5964 immiubant
3285 5912 3364 5979 (11.
3406 5909 3559 5981 7·14)
3595 5912 3671 5965 cf.
3712 5913 4002 5980 Carrom,

283 5993 420 6045 dare
456 5993 697 6047 efficacia
735 5992 1105 6048 drammatica
1141 5995 1193 6046 al
1230 5997 1525 6049 racconto?
2203 5994 2341 6064 1136
2365 5999 2420 6049 D
2456 6012 2487 6049 e
2532 6005 2669 6062 1137
2691 5998 2746 6049 Α
2782 6011 2813 6048 e
2850 5995 2917 6052 C.
