4823 7100
1182 509 1327 583 DE
1382 505 2090 585 CAPTIVITATE
2146 507 2617 582 PISARUM
2670 507 2982 580 LIBER
3889 500 3929 582 7

476 663 1151 675 “mm-mouqmn-n--n---uu-ae--om-
1166 664 1928 674 n·-aoe-onno-on--uaae--o-mm-—n--u--um---n
2012 664 2148 673 amu-ou·-
2220 663 2586 672 --s-o-omuooo-on-m-u—-o
2602 662 2736 671 „anuto-a-
2742 661 3247 671 mmon-smunon--vsaeu-o-uu
3253 657 3937 669 ›nn-0...---u0—”Wos-»oa-ooe—-ua-0-am--c-

256 776 422 842 riore
465 773 746 860 insuper
791 772 1016 841 Gallia
1064 773 1472 841 Franciscus
1514 771 1978 841 Carrariensis
2021 771 2379 838 Patavium
2422 770 2916 858 Veronamque
2964 784 3033 838 et
3076 769 3472 848 Vicentiam
3517 770 3726 836 urbes
3771 788 3933 856 pos-

254 879 523 957 sidebat,
570 879 897 946 adversus
941 901 1146 967 quem
1190 878 1445 946 Veneti
1475 900 1798 968 magnum
1842 878 2099 946 bellum
2118 883 2134 914 '
2178 890 2521 967 gerentes,
2555 877 2734 944 illius
2767 875 3192 944 conabantur
3222 889 3470 943 statum
3516 874 3932 963 opprimere.
4097 909 4140 938 c.
4170 903 4197 943 7
4227 905 4256 934 r

410 985 869 1054 Buccicaldus
913 997 986 1052 et
1030 986 1438 1054 Genuenses
1468 986 1603 1052 iam
1635 985 1906 1072 pridem
1938 984 2402 1053 Carrariensis
2432 998 2629 1052 erant
2660 984 2863 1050 amici
2907 984 3346 1072 graviterque
3393 982 3715 1051 serebant
3745 982 3937 1048 illum

252 1091 509 1180 spoliari
554 1091 755 1159 bonis
797 1105 870 1160 et
914 1093 1227 1159 amittere
1275 1093 1735 1180 principatum
1780 1092 2042 1161 videre.
2139 1088 2302 1169 Qua
2361 1089 2832 1158 benivolentia
2892 1092 3060 1157 moti
3123 1103 3192 1156 et
3237 1112 3325 1156 ne
3374 1100 3566 1156 tanta
3625 1089 3944 1176 potentia

185 1200 214 1268 5
256 1200 611 1267 accederet
667 1196 970 1277 Venetis,
1015 1212 1091 1265 ut
1135 1198 1613 1267 formidabiles
1658 1199 2077 1278 viderentur,
2128 1209 2463 1285 ceperunt
2509 1197 2687 1265 inter
2717 1219 2791 1264 se
2826 1198 2916 1265 de
2946 1197 3127 1263 illius
3157 1197 3374 1263 salute
3424 1197 3756 1284 cogitare,
3804 1216 3938 1263 nec

256 1304 683 1373 salubriorem
727 1306 1227 1372 adinvenerunt
1270 1305 1471 1384 viam,
1503 1326 1706 1394 quam
1751 1304 2188 1372 Florentinos
2231 1305 2323 1370 ad
2367 1304 2727 1371 tutandum
2773 1305 3167 1390 patavinum
3210 1303 3592 1391 principem
3641 1323 3947 1369 commo-

252 1434 422 1478 vere.
514 1411 689 1479 Cum
731 1411 1118 1478 Benedicto
1165 1411 1374 1499 igitur
1418 1411 1662 1478 Genue
1710 1422 1873 1477 tunc
1919 1410 2246 1498 pontifice
2296 1410 2384 1478 de
2432 1432 2517 1476 ea
2561 1432 2639 1476 re
2686 1410 2981 1476 consilio
3026 1410 3405 1498 proposito,
3438 1410 3615 1476 adeo
3661 1408 3943 1476 facilem

252 1519 425 1584 illum
474 1530 546 1584 et
592 1518 685 1585 ad
728 1519 1206 1585 maturandum
1252 1539 1669 1605 perpensum
1713 1517 2143 1597 invenerunt,
2174 1529 2250 1583 ut
2280 1536 2705 1605 magnopere
2751 1517 2879 1583 sibi
2922 1517 3205 1604 placere
3233 1517 3684 1603 responderet
3716 1529 3787 1583 et
3816 1537 3946 1604 pro

254 1625 377 1692 suis
419 1623 868 1690 facultatibus
910 1642 1055 1690 rem
1103 1623 1494 1690 adiuturum
1557 1644 1706 1690 esse
1767 1624 2232 1711 polliceretur.
2327 1619 2541 1700 Quod
2603 1623 2857 1690 fecisse
2917 1624 3211 1689 maxime
3277 1622 3603 1702 creditur,
3668 1624 3828 1711 quia
3874 1623 3945 1689 in

156 1735 220 1798 10
256 1730 732 1819 pertractando
776 1730 1061 1818 negotio
1106 1729 1450 1796 florentini
1496 1729 1736 1817 populi
1782 1730 2246 1797 obedientiam
2278 1730 2350 1794 in
2381 1730 2616 1810 sacris,
2663 1750 2868 1817 quam
2913 1749 3347 1817 summopere
3394 1728 3700 1817 optabat,
3747 1729 3948 1795 facil-

254 1839 401 1904 lime
446 1838 782 1924 consequi
826 1855 1030 1924 posse
1077 1837 1421 1923 sperabat.
1512 1836 2005 1904 Convenerunt
2062 1837 2270 1926 igitur
2331 1835 2686 1924 inceptum
2745 1837 3107 1923 perficere,
3155 1838 3301 1916 sed,
3365 1836 3528 1924 quia
3587 1846 3736 1902 erat
3783 1848 3947 1902 tunc

253 1943 656 2012 Florentinis
700 1943 1002 2010 amicitia
1035 1962 1191 2009 cum
1224 1943 1531 2023 Venetis,
1563 1966 1703 2011 non
1735 1942 2107 2032 sperabant
2141 1963 2263 2010 eos
2293 1943 2385 2010 ad
2416 1954 2730 2031 apertum
2759 1943 3016 2010 bellum
3046 1964 3349 2010 movere.
3406 1942 3712 2011 Gratam'
3745 1944 3948 2034 igitur
4100 1975 4140 2008 c.
4173 1973 4200 2013 7
4227 1968 4249 2005 e

250 2051 603 2117 florentino
649 2050 909 2137 populo
956 2051 1244 2139 ingressi
1291 2051 1495 2131 viam,
1543 2049 1903 2139 elegerunt
1959 2050 2095 2116 illis
2147 2051 2458 2138 pisanam
2520 2050 2759 2117 urbem
2821 2062 3150 2139 tanquam
3212 2051 3527 2117 venalem
3574 2051 3833 2117 offerre
3881 2062 3954 2116 et
4145 2054 4158 2061 ’

250 2156 536 2244 pretium
565 2175 694 2243 pro
724 2156 970 2222 maiori
1002 2168 1198 2243 parte
1232 2155 1306 2222 in
1337 2155 1623 2223 tutelam
1654 2155 1972 2223 Patavini
2005 2169 2441 2225 convertere.
2531 2155 2797 2223 Pisanis
2843 2157 3135 2223 diximus
3165 2154 3562 2223 Gabrielem
3595 2155 3956 2235 dominari,

152 2263 210 2329 15
252 2262 589 2353 Galeactij
637 2262 1165 2329 mediolanensis
1212 2283 1351 2329 non
1398 2262 1825 2352 legiptimum
1872 2262 2105 2342 filium,
2155 2262 2271 2352 qui
2305 2275 2374 2329 et
2417 2276 2704 2351 propter
2749 2263 3220 2350 impotentiam
3252 2283 3528 2329 suorum
3575 2263 3648 2328 in
3696 2259 3951 2329 Gallia'
4114 2283 4269 2332 ιωιι..
4297 2281 4378 2326 ιτο

252 2381 315 2435 et
355 2380 643 2456 propter
688 2367 967 2436 crebras
1012 2368 1417 2436 Pisanorum
1463 2369 1903 2449 mutationes,
1951 2390 2122 2458 quas
2175 2370 2449 2437 diverse
2513 2369 2854 2437 factiones
2903 2370 3199 2449 ciebant,
3246 2382 3492 2436 statum
3538 2367 3954 2436 imbecillum

250 2488 314 2542 et
353 2473 840 2562 suspitionibus
886 2475 1166 2561 plenum
1213 2474 1514 2543 tenebat.
1604 2473 2048 2542 Titubantem
2079 2476 2285 2565 igitur
2316 2477 2506 2543 illum
2535 2497 2621 2544 ac
2655 2497 2869 2565 regno
2917 2476 3338 2544 diffidentem
3387 2487 3669 2542 monent
3700 2489 3769 2542 et
3800 2494 3957 2562 per-

249 2582 601 2650 suadendo
648 2580 1247 2671 dissuadendoque
1310 2594 1611 2662 movent,
1658 2603 1747 2648 ne
1794 2583 2269 2670 expulsionem
2330 2596 2706 2651 mortemve
2770 2595 3112 2670 expectet,
3166 2584 3312 2662 sed,
3360 2580 3597 2649 habita
3655 2581 3961 2649 utilitatis

248 2688 618 2775 salutisque
666 2687 953 2767 ratione,
1000 2709 1253 2779 magna
1299 2701 1592 2776 accepta
1637 2689 1957 2776 pecunia,
1990 2690 2330 2757 caducum
2363 2690 2639 2778 citoque
2688 2690 3031 2776 lapsurum
3076 2709 3363 2778 regnum
3413 2689 3752 2776 relinquat
3774 2687 3817 2755 ¹.

140 2799 212 2862 20
421 2795 619 2861 Inter
659 2794 795 2860 hec
838 2795 1310 2861 Bonacursum
1339 2793 1805 2875 Alderottum,
1842 2795 2066 2862 civem
2110 2796 2547 2863 florentinum
2579 2797 2822 2864 Genue
2853 2808 3020 2862 tunc
3054 2796 3447 2883 degentem,
3481 2797 3572 2863 ad
3603 2818 3677 2862 se
3709 2808 3964 2863 vocant

255 2901 605 2967 consilium
649 2922 842 2965 suum
885 2900 985 2965 ilii
1028 2901 1460 2989 patefaciunt
1506 2902 1810 2990 dantque
1854 2901 2086 2969 verbis
2129 2903 2476 2983 mandata,
2522 2915 2597 2969 ut
2644 2902 3062 2971 Florentiam
3122 2902 3542 2991 magistratui
3589 2922 3791 2990 quam
3853 2924 3963 2968 se-

253 3007 624 3074 cretissime
657 3006 984 3087 enuntiet,
1030 3006 1483 3075 voluntatem'
1530 3008 1868 3097 intelligat
1900 3009 2176 3098 citoque
2208 3008 2554 3076 renuntiet
2577 3008 2621 3075 ³.
2713 3007 3141 3088 Alderottus,
3188 3020 3549 3097 postquam
3612 3009 3747 3074 hec
3810 3007 3948 3074 leto
4105 3041 4147 3071 c.
4177 3027 4208 3069 e
4236 3039 4264 3067 r

254 3115 474 3180 animo
501 3113 795 3201 accepit,
822 3134 1104 3201 operam
1130 3135 1320 3181 suam
1344 3114 1690 3202 pollicitus
1715 3115 1943 3182 statim
1973 3115 2394 3183 Florentiam
2423 3113 2777 3185 Prioribus
2809 3115 3103 3183 civitatis
3134 3115 3393 3183 litteras
3425 3116 3603 3181 misit
3632 3116 3958 3203 idemque

251 3220 677 3308 paucissimis
723 3219 929 3286 etiam
973 3220 1246 3308 scripsit
1292 3219 1576 3301 civibus,
1638 3241 1927 3311 quorum
1988 3222 2352 3310 plurimum
2414 3243 2499 3290 ea
2557 3233 2965 3310 tempestate
3026 3223 3098 3289 in
3156 3221 3515 3310 republica
3558 3221 3963 3310 prevalebat

139 3324 209 3393 25
252 3327 643 3395 auctoritas.
734 3326 1150 3393 Litterarum
1197 3325 1412 3394 verba
1454 3327 1589 3394 hec
1634 3328 1867 3395 fuere:
1915 3327 2333 3396 Posthabitis
2380 3327 2694 3396 omnibus
2738 3330 2963 3396 honor
2994 3329 3215 3417 patrie
3247 3329 3413 3394 mihi
3445 3329 3673 3395 carior
3719 3341 3822 3395 est
3867 3341 3959 3408 et,

252 3434 668 3521 ubicumque
700 3432 848 3513 sim,
879 3432 1051 3498 nihil
1081 3453 1247 3500 curo
1279 3433 1672 3522 diligentius
1704 3456 1812 3516 eo,
1846 3437 2036 3524 quod
2081 3434 2508 3524 principibus
2537 3449 2770 3503 nostre
2802 3435 3182 3524 reipublice
3212 3436 3670 3524 universoque
3700 3434 3964 3523 populo

253 3541 617 3614 florentino
664 3540 1115 3629 gratissimum
1160 3540 1266 3608 sit.
1358 3541 1530 3609 Ideo
1574 3541 1677 3608 fui
1724 3563 1881 3610 cum
1925 3541 2079 3623 illis,
2112 3542 2229 3632 qui
2275 3542 2347 3609 in
2390 3543 2525 3612 hac
2569 3542 2742 3611 urbe
2788 3556 3199 3632 potestatem
3243 3540 3504 3609 habent
3549 3541 3967 3609 conficiendi

250 3647 322 3713 id
364 3649 562 3735 quod
605 3668 1035 3735 summopere
1082 3648 1367 3736 optatis3
1418 3661 1488 3715 et
1533 3669 1620 3715 eo
1665 3650 1971 3717 deducta
2013 3672 2127 3717 res
2173 3662 2297 3730 est,
2345 3663 2419 3717 ut
2464 3650 2619 3717 illos
2663 3650 2879 3739 magis
2924 3650 3080 3716 sore
3129 3650 3497 3736 dispositos
3542 3661 3770 3715 vestra
3814 3670 3960 3715 non

254 3766 627 3840 poscerent
684 3766 865 3821 vota.
958 3752 1425 3841 Quapropter,
1472 3754 1530 3821 si
1575 3754 1649 3823 id
1697 3756 2028 3845 consequi
2089 3755 2313 3836 vultis,
2360 3758 2552 3845 quod
2609 3768 2906 3823 vestram
2967 3756 3462 3844 rempublicam
3510 3768 3579 3822 et
3621 3753 3972 3821 florentini

140 3861 213 3924 30
253 3861 547 3928 nominis
591 3861 994 3949 dignitatem
1040 3860 1432 3949 amplificet,
1479 3860 1723 3928 mittite
1772 3862 1909 3951 qui,
1940 3862 2077 3930 alio
2123 3861 2478 3950 publicato
2511 3885 2630 3930 sue
2676 3862 3131 3950 profectionis
3162 3863 3465 3950 negotio,
3513 3861 3768 3929 habeat
3799 3881 3972 3927 con-

253 3967 535 4036 ficiendi
581 3966 930 4056 publicam
974 3980 1404 4055 potestatem.
1498 3968 1654 4036 Nec
1702 3991 1744 4034 a
1789 3992 1899 4035 me
1943 3970 2096 4058 ipso
2158 3969 2392 4037 scribo
2448 3971 2606 4049 hee,
2652 3971 2779 4038 sed
2841 3972 3161 4037 fecerunt
3206 3991 3317 4035 me
3363 3967 3689 4049 scribere,
3737 3967 3855 4057 qui
3901 3979 3971 4033 et

253 4074 490 4139 facere
539 4072 887 4140 valebunt.
976 4073 1127 4141 Vos
1173 4087 1430 4156 curate,
1474 4096 1565 4142 ne
1610 4077 2201 4163 pro'crastinando
2232 4097 2344 4144 res
2372 4077 2701 4144 maximas
2746 4075 3104 4156 differatis,
3153 4097 3324 4164 quas
3372 4087 3563 4143 certo
3594 4074 3741 4142 scio
3771 4074 3972 4140 vobis
4122 4103 4163 4138 e.
4190 4093 4219 4134 ε
4248 4097 4270 4134 t

431 4376 485 4429 3.
525 4362 609 4430 et]
646 4364 879 4429 ripetnto
917 4364 1020 4415 dne
1055 4365 1204 4416 volte
1236 4365 1294 4416 in
1333 4364 1397 4415 O.
1436 4389 1460 4402 ·
1498 4366 1614 4415 iam
1651 4365 1989 4434 pridem....
2026 4363 2219 4430 amici]
2247 4365 2320 4417 R.
2339 4366 2425 4417 Μ.
2463 4364 2792 4417 Genuenses
2828 4367 2993 4416 erant
3028 4364 3201 4417 amici
3239 4366 3353 4416 iam
3389 4363 3608 4430 pridem
3634 4361 3968 4415 Cari-arien-

257 4454 336 4502 sis
371 4479 440 4490 —
483 4468 537 4518 4.
576 4450 857 4518 amittere]
895 4454 963 4504 L.
1002 4453 1268 4504 amictere
1305 4478 1330 4491 ·
1365 4451 1770 4518 benivolentia]
1806 4454 1875 4506 P.
1896 4454 1968 4505 R.
1988 4454 2070 4506 M.
2106 4452 2507 4505 benevolentia
2546 4482 2611 4491 —
2652 4465 2702 4520 5.
2738 4451 3050 4517 accederet]
3089 4455 3159 4505 L.
3197 4451 3506 4517 accideret3
3528 4452 3596 4503 P.
3624 4451 3880 4502 accedere
3905 4477 3971 4489 —

255 4539 305 4591 6.
342 4539 711 4609 patavInum]
753 4543 819 4594 0.
858 4542 1156 4594 Patavium
1193 4567 1259 4579 --
1298 4552 1349 4607 7.
1385 4540 1708 4611 proposito]
1744 4544 1812 4593 P.
1851 4545 2143 4610 preposito
2182 4567 2206 4580 ·
2242 4541 2495 4608 facilem]
2532 4543 2595 4595 Ο.
2620 4542 2793 4595 facile
2829 4571 2895 4580 —
2935 4544 2984 4596 8.
3021 4538 3378 4610 perpensum]
3406 4542 3480 4593 R.
3501 4541 3588 4591 Μ.
3625 4553 3967 4610 propensum

259 4653 324 4664 —-
366 4643 449 4680 10.
491 4628 925 4696 pertractando]
979 4630 1035 4682 V.
1061 4629 1450 4694 pertraltando
1485 4656 1509 4668 ·
1551 4629 1805 4697 negotio]
1848 4632 1906 4681 C.
1930 4633 1999 4682 Ο.
2017 4631 2078 4683 S.
2094 4632 2162 4681 P.
2201 4632 2439 4698 negocio
2477 4656 2501 4668 ·
2538 4629 2624 4697 in]
2654 4632 2718 4682 O.
2745 4647 2898 4683 omna.
2926 4657 2993 4670 —-
3026 4643 3106 4682 12.
3133 4628 3389 4696 Venetis]
3428 4631 3484 4680 in
3517 4631 3575 4680 C.
3601 4646 3662 4679 su
3697 4631 3869 4680 litura
3905 4655 3973 4665 —

175 4725 201 4780 5
265 4730 342 4782 13.
360 4717 640 4785 ingressi]
663 4720 723 4771 S.
739 4721 813 4769 R.
832 4719 913 4770 Μ.
939 4719 1182 4786 ingressi
1202 4722 1338 4771 sunt
1363 4744 1387 4756 ·
1422 4716 1716 4785 tanquam]
1751 4719 1891 4771 V.P.
1907 4720 1980 4769 R.
2000 4719 2081 4769 Μ.
2101 4721 2388 4786 tamquam
2417 4747 2481 4758 —
2514 4734 2595 4785 14.
2625 4718 2942 4771 Gabrielem
2971 4715 3277 4783 domInari]
3306 4718 3590 4768 dominari
3616 4717 3972 4770 Gabrielem·

257 4805 619 4873 Gabrielem}
644 4807 704 4859 S.
732 4806 1076 4860 Gabriellem
1101 4831 1167 4843 -
1200 4816 1283 4872 15.
1310 4804 1608 4874 Galeactifl
1645 4805 1711 4856 P.
1729 4806 1785 4856 S.
1805 4810 1875 4858 R.
1894 4809 1976 4859 M.
2017 4807 2263 4876 Galeatij
2292 4832 2316 4845 ·
2340 4805 2718 4874 legiptimum]
2752 4809 2812 4859 C.
2834 4809 2903 4858 L.
2920 4809 2959 4860 I.
2982 4809 3057 4857 M.
3080 4807 3154 4858 R.
3178 4806 3516 4873 legitimum3
3561 4807 3616 4856 V.
3641 4805 3978 4872 legittimum

256 4921 322 4933 -
350 4907 435 4959 17.
458 4894 902 4961 suspitionibus]
940 4898 1004 4947 O.
1022 4895 1090 4946 Ρ.
1111 4897 1186 4950 R.
1203 4896 1282 4947 Μ.
1306 4894 1725 4964 suspicionibus
1749 4920 1775 4934 -
1799 4894 1997 4962 igitur]
2025 4898 2100 4947 R.
2122 4896 2205 4946 Μ.
2231 4910 2366 4965 ergo
2391 4893 2522 4960 -ac]
2551 4897 2625 4950 R.
2643 4896 2727 4948 Μ.
2753 4897 2811 4947 et
2829 4921 2852 4934 -
2872 4892 3129 4959 monent]
3158 4896 3242 4947 Μ.
3268 4896 3502 4949 movent
3519 4919 3587 4931 —
3613 4894 3694 4947 18.
3715 4889 3971 4956 movent]

255 4983 341 5033 M.
392 4986 636 5035 monent
673 5010 697 5022 ·
731 4981 1064 5049 mortemve]
1116 4984 1173 5035 V.
1210 4986 1450 5035 mortem
1474 4985 1542 5035 ut
1575 5008 1600 5021 ·
1636 4981 1912 5053 expectet]
1953 4984 2012 5036 S.
2050 4986 2307 5051 expectat
2347 5011 2415 5023 —
2457 4997 2539 5052 19.
2565 4983 2893 5051 salutisque]
2932 4984 2971 5034 l.
3011 4983 3279 5036 saiutisve
3316 5010 3382 5022 —
3422 4996 3508 5036 20.
3557 4979 3970 5046 Bonacursum]

260 5074 296 5122 l.
318 5074 390 5124 R.
414 5074 503 5123 M.
544 5073 964 5123 Bonaccursum
1000 5097 1024 5110 ·
1060 5070 1445 5137 Alderottum]
1483 5073 1521 5121 l.
1562 5072 1934 5125 Alderoctum
1956 5100 2025 5112 —
2054 5085 2138 5124 21.
2175 5070 2502 5138 consilium]
2542 5073 2616 5124 R.
2655 5072 3068 5142 consiliumque
3092 5097 3118 5111 -
3143 5087 3306 5124 suum
3329 5069 3439 5137 1111]
3478 5072 3551 5123 R.
3573 5073 3655 5123 M.
3695 5070 3776 5121 1111
3804 5083 3968 5122 suum

148 5171 206 5207 10
259 5188 325 5198 -—
365 5172 455 5212 22.
496 5160 784 5226 enuntiet]
820 5162 889 5213 L.
930 5160 1272 5227 enumptiet3
1314 5162 1379 5211 O.
1415 5161 1472 5215 V.
1509 5162 1772 5214 enunciet
1807 5187 1833 5201 -
1871 5159 2182 5226 renuntiet]
2224 5160 2289 5212 Ο.
2325 5159 2383 5211 V.
2423 5160 2747 5224 renunciet3
2784 5163 2853 5213 L.
2891 5160 3238 5229 renumptiet
3274 5187 3298 5199 ·
3338 5157 3689 5225 Alderottus]
3728 5162 3766 5209 l.
3806 5159 3978 5210 Aide-

253 5251 448 5301 roctus
492 5276 562 5286 —
603 5261 688 5314 ²3·
726 5247 970 5314 litteras]
1007 5251 1073 5302 P.
1094 5250 1274 5302 R..M.
1307 5250 1534 5313 literas3
1576 5250 1633 5302 S.
1672 5250 1898 5302 lieteras
1922 5276 1991 5288 —
2021 5263 2104 5315 24.
2141 5249 2399 5317 quorum]
2431 5250 2497 5302 O.
2535 5264 2649 5316 quo
2675 5278 2741 5289 —
2770 5259 2854 5313 25.
2894 5249 3226 5315 auctoritas]
3271 5252 3342 5300 R.
3360 5251 3426 5300 P.
3466 5249 3786 5300 authoritas
3822 5273 3846 5286 ·
3885 5249 3982 5300 iit·

256 5337 534 5404 terarum]
571 5337 639 5390 P.
661 5340 838 5391 Ru.
875 5339 1200 5403 literarum3
1240 5340 1300 5392 S.
1338 5339 1657 5406 lieterarum
1695 5366 1718 5379 -
1758 5338 1921 5404 mihi]
1961 5343 1998 5389 l.
2038 5341 2210 5390 michi
2250 5364 2273 5377 -
2311 5339 2524 5405 carior]
2551 5341 2620 5389 Ρ.
2646 5341 2874 5390 charior
2904 5364 2966 5375 —
2996 5339 3080 5389 26.
3110 5337 3464 5404 ubicumque]
3505 5339 3564 5389 S.
3603 5337 3920 5403 ubicunque
3955 5362 3980 5375 ·

258 5425 437 5493 nihii]
479 5429 522 5478 I.
560 5426 831 5478 11101111-
862 5440 946 5494 27.
984 5442 1108 5479 cum
1146 5429 1257 5479 iliis
1281 5426 1404 5495 qui]
1442 5431 1509 5482 P.
1545 5445 1695 5481 omna.
1733 5455 1757 5467 ·
1795 5428 1879 5494 in]
1938 5428 1994 5478 V.
2033 5445 2185 5480 onam.
2211 5454 2234 5465 -
2260 5427 2422 5493 urbe]
2452 5431 2524 5479 R.
2551 5429 2784 5480 civitate
2811 5454 2835 5466 -
2860 5426 3224 5493 conficiendi]
3250 5430 3317 5477 P.
3356 5442 3521 5478 causa
3546 5425 3883 5478 conficiendi
3909 5452 3977 5464 —

262 5517 349 5568 28.
386 5514 661 5580 deducta]
719 5518 860 5568 V.P.
901 5516 1165 5581 reducta3
1203 5518 1261 5569 S.
1301 5516 1468 5568 ducta
1512 5545 1575 5555 —
1614 5531 1702 5584 30.
1744 5514 1976 5580 mittite]
2014 5519 2081 5567 L.
2124 5516 2344 5567 mictite
2382 5543 2406 5555 ·
2444 5515 2705 5582 negotio]
2763 5519 2821 5569 C.
2846 5519 2911 5568 O.
2932 5519 2999 5567 P.
3022 5518 3080 5570 S.
3101 5519 3174 5568 R.
3227 5515 3464 5582 negocio
3504 5544 3570 5552 —
3610 5527 3696 5580 31.
3735 5513 3862 5579 hec]
3905 5516 3981 5567 R.

148 5613 201 5666 15
260 5604 375 5655 hoc
401 5630 427 5641 -
467 5603 755 5669 fecerunt]
796 5606 855 5656 S.
891 5601 1150 5656 fecerunt
1186 5613 1414 5657 corretto
1438 5607 1496 5656 in
1520 5607 1783 5674 premunt
1824 5633 1887 5641 —
1925 5618 2012 5671 32.
2038 5603 2541 5673 procrastinando]
2574 5607 2633 5656 C.
2660 5620 2765 5670 pro
2792 5605 3191 5668 crastinand03
3232 5606 3289 5655 V.
3312 5607 3384 5656 R.
3405 5606 3490 5656 M.
3516 5603 3886 5655 crastinando

448 5792 470 5829 ¹
515 5796 830 5851 Solatia...
865 5800 1132 5863 relinqnat
1164 5800 1242 5866 (p.
1279 5796 1332 5861 6,
1371 5797 1408 5849 1.
1445 5809 1509 5848 22
1548 5811 1583 5848 a
1623 5812 1677 5865 p.
1716 5808 1766 5862 7,
1801 5800 1837 5848 1.
1885 5795 1970 5863 19)
1996 5797 2071 5847 cf.
2177 5796 2385 5849 furono
2424 5799 2881 5865 contemporanei
2918 5814 2953 5849 o
2993 5799 3053 5850 di
3090 5813 3237 5864 poco
3274 5798 3551 5850 anteriori
3588 5797 3697 5849 alla
3731 5796 3981 5847 cacciata
4038 5795 4107 5832 ²0

259 5879 568 5944 Carnona,
608 5883 744 5933 RR.
770 5882 850 5934 II.
877 5883 1008 5948 SS„
1049 5882 1256 5946 XVIII,
1292 5897 1350 5948 p.
1394 5890 1530 5948 1127
1551 5881 1703 5935 A·C.
2182 5883 2242 5933 di
2260 5881 2524 5934 Gabriele
2543 5883 2617 5933 da
2634 5882 2787 5946 Pisa,
2812 5886 3098 5935 avvenuta
3118 5882 3163 5933 11
3185 5895 3254 5932 20
3271 5882 3453 5949 luglio
3480 5892 3611 5948 1405
3635 5879 3977 5949 (Senonum,

448 5962 476 5999 ⁸
518 5966 605 6017 La
639 5966 993 6018 mediazione
1041 5964 1460 6018 dell’Alderotti
1497 5981 1528 6016 e
1563 5964 1601 6014 i’
1618 5966 1781 6018 invio
1820 5966 1878 6016 di
1916 5965 2072 6019 Gino
2188 5967 2457 6028 Croniae,
2496 5969 2658 6035 parte
2692 5966 2766 6030 11,
2802 5966 3002 6029 Roma,
3045 5979 3197 6033 1902,
3236 5966 3349 6016 vol.
3387 5965 3485 6028 111,
3523 5980 3578 6033 p.
3605 5963 3730 6031 87);
3756 5964 3980 6016 devono

261 6047 546 6120 Capponi
569 6064 606 6102 a
631 6049 891 6114 Genova,
914 6064 951 6102 a
976 6050 1133 6103 detta
1158 6050 1248 6101 del
1272 6050 1577 6102 Panum
1614 6065 1645 6101 0
1672 6049 1759 6101 dei
1787 6048 2071 6116 Cueom,
2181 6050 2381 6118 quindi
2419 6050 2682 6103 ritenersi
2722 6050 2867 6102 della
2904 6051 3086 6119 prima
3121 6045 3271 6101 meta
3304 6049 3388 6100 del
3425 6050 3602 6118 luglio
3639 6052 3838 6108 stesso.
