4823 7100
487 1050 635 1097 Mun..
674 1047 748 1091 171

490 1113 604 1142 &11
639 1114 664 1141 r

515 2267 678 2303 6⁸11!

375 2540 544 2582 Pisum
581 2552 664 2581 arc

424 2595 571 2649 ceptio

668 2541 705 2581 is

872 483 964 559 10

2183 479 2682 558 MATTHEI
2737 480 3250 557 PALMERII

3531 640 4281 650 mma-„mmmmm

852 758 1012 817 runt
1057 749 1264 830 cives,
1310 772 1520 816 unum
1567 751 1657 816 ad
1703 747 2222 828 Buccicaldur'n,
2270 748 2362 814 ad
2407 746 2804 816 Gabrielem
2868 748 3179 816 alterum.
3271 747 3681 817 Mandatum
3743 749 3876 817 illis
3936 763 4061 831 est,
4109 763 4185 818 ut
4230 749 4559 816 maturius

852 855 1105 922 adeant
1150 868 1221 922 et
1266 856 1515 936 omnia,
1562 875 1697 944 que
1744 856 1834 923 ad
1880 855 2241 921 emendam
2286 854 2653 921 florentino
2697 854 2957 941 populo
3001 854 3312 945 pisanam
3357 855 3600 921 urbem
3646 868 3987 942 oportuna
4017 876 4168 923 esse
4213 855 4559 935 videntur,

856 961 1248 1050 diligentius
1294 974 1559 1029 curent.
1652 961 1942 1029 Gabriel
1985 961 2194 1050 igitur
2238 973 2310 1028 et
2354 957 2837 1040 Buccicaldus,
2897 961 3207 1049 acceptis
3266 962 3816 1028 Florentinorum
3876 961 4151 1030 nomine
4213 961 4446 1029 verbis
4492 972 4560 1027 et

847 1067 1082 1136 unitis'
1128 1069 1307 1136 inter
1351 1066 1458 1134 se'
1504 1066 1989 1147 voluntatibus,
2035 1067 2316 1134 Petram
2378 1065 2707 1132 Sanctam
2770 1066 3199 1154 delegerunt,
3245 1068 3336 1133 ad
3381 1068 3570 1155 quod
3617 1068 3950 1154 oppidum
3997 1068 4379 1154 Baptistam
4427 1067 4566 1134 Lo-

848 1174 1200 1241 mellinum
1249 1187 1318 1241 et
1347 1173 1666 1242 Cusmam
1710 1173 2063 1261 Tarigum,
2109 1192 2498 1261 genuenses
2530 1172 2735 1252 cives,
2770 1172 3114 1253 miserunt,
3147 1173 3393 1261 quibus
3439 1194 3673 1240 carum
3706 1186 3855 1240 erat
3888 1174 4330 1241 Florentinos
4358 1171 4554 1239 Pisas
4633 1174 4663 1239 5

850 1282 1169 1368 accipere
1215 1299 1301 1347 ea
1343 1279 1638 1346 maxime
1685 1278 1972 1347 adducti
2034 1298 2261 1358 causa,
2309 1278 2502 1365 quod
2546 1277 2774 1344 studio
2833 1279 3226 1366 guelfarum
3278 1279 3572 1365 partium
3632 1279 4012 1347 Florentini
4072 1278 4557 1347 Genuensibus

852 1399 1048 1454 erant
1093 1384 1389 1473 accepti,
1437 1385 1758 1474 contrarij
1808 1404 1976 1451 vero
2023 1384 2431 1471 adversique
2477 1382 2708 1450 Pisani
2729 1382 2768 1451 ¹.
2860 1385 2940 1450 In
2988 1404 3073 1450 eo
3105 1385 3312 1475 igitur
3342 1384 3601 1473 oppido
3650 1407 3804 1452 cum
3851 1385 4267 1454 Florentinis
4311 1385 4559 1474 legatis

852 1506 1011 1582 post
1038 1493 1261 1560 varias
1293 1491 1830 1579 disceptationes
1852 1490 1877 1527 '
1908 1502 2379 1557 convenerunt
2402 1487 2462 1555 ⁸:
2496 1502 2570 1555 ut
2602 1488 2888 1555 Gabriel
2915 1488 3130 1571 Pisas,
3162 1491 3612 1579 pisanumque
3645 1513 3885 1581 agrum
3933 1505 4003 1560 et
4049 1503 4303 1559 cuncta
4334 1490 4559 1579 pisani

847 1601 998 1691 agri
1045 1598 1304 1687 oppida
1347 1598 1711 1665 florentino
1756 1598 2016 1684 populo
2060 1597 2432 1673 venderet3
2466 1594 2655 1661 urbis
2697 1616 2952 1677 arcem,
2998 1597 3071 1662 in
3115 1619 3253 1685 qua
3295 1596 3443 1684 ipse
3490 1599 3867 1687 refugerat,
3914 1612 3987 1667 et
4015 1598 4185 1665 alias
4216 1599 4554 1686 quasdam

851 1706 921 1771 in
966 1726 1136 1794 agro
1184 1704 1594 1792 oppidorum
1641 1724 1838 1769 arces
1883 1703 2100 1770 daret.
2191 1701 2571 1768 Florentini
2618 1713 2893 1768 centum
2924 1713 2994 1767 et
3026 1702 3522 1792 quinquaginta
3565 1725 3774 1791 supra
3821 1704 3959 1771 duo
4006 1704 4198 1771 milia
4228 1703 4555 1773 librarum
4607 1706 4671 1769 10

849 1813 995 1880 auri
1038 1812 1240 1902 pretij
1289 1810 1568 1877 nomine
1601 1810 2035 1877 exsolverent
2051 1810 2098 1889 ⁴,
2129 1810 2368 1876 urbem
2400 1819 2772 1896 ceteraque
2804 1809 2952 1896 agri
2986 1810 3246 1895 oppida
3274 1830 3653 1898 agrumque
3698 1811 3919 1898 ipsum
3948 1832 4073 1878 sua
4102 1812 4173 1877 vi
4203 1831 4560 1898 operaque

850 1919 1302 2008 possiderent.
1395 1915 1823 1983 Solutionum
1872 1914 2234 1982 distributa
2277 1925 2435 1981 sunt
2482 1925 2814 2001 tempora.
2905 1915 2987 1979 In
3020 1915 3375 1982 deditione
3406 1917 3588 1984 arcis
3619 1918 3767 1983 auri
3796 1939 3958 2004 pars
3991 1915 4301 1984 Gabrieli
4331 1917 4561 1983 solve-

853 2025 1074 2105 batur,
1120 2024 1476 2112 reliquum,
1506 2034 1664 2108 post
1709 2020 1947 2087 urbem
1989 2020 2174 2087 infra
2221 2032 2484 2087 certum
2529 2031 2795 2105 tempus
2826 2021 3169 2107 adeptam,
3201 2022 3564 2089 menstruis
3594 2022 4045 2090 solutionibus
4075 2023 4145 2089 in
4176 2021 4557 2088 subsidium

843 2131 1151 2221 patavini
1194 2128 1526 2217 principis
1573 2126 2047 2194 conferebant.
2141 2125 2287 2193 Sed
2331 2125 2493 2214 quia
2540 2125 2922 2193 Florentini
2967 2148 3199 2192 arcem
3244 2128 3506 2215 adepti,
3553 2128 3762 2209 illam,
3807 2129 4203 2218 priusquam
4232 2127 4404 2195 urbe
4433 2149 4562 2215 po-

853 2240 1161 2318 tirentur,
1211 2234 1607 2302 amiserunt'
1652 2246 1723 2302 et
1766 2246 1957 2301 tanta
2015 2234 2287 2300 interim
2347 2232 2540 2298 facta
2586 2245 2691 2299 est
2737 2233 3066 2321 temporis
3125 2235 3600 2321 intercaped0,
3645 2249 3723 2303 ut
3768 2236 4138 2305 constituta
4183 2236 4379 2321 lapsa
4425 2236 4564 2303 sint
4610 2235 4674 2301 15

847 2360 1160 2434 tempora
1205 2355 1275 2410 et
1317 2342 1676 2409 Patavium
1724 2341 2037 2427 ceperint
2081 2340 2359 2418 Veneti,
2404 2339 2597 2405 nulla
2640 2340 2890 2427 reliqui
2936 2353 3039 2407 est
3084 2341 3274 2406 facta
3317 2343 3569 2408 solutio
3593 2342 3640 2409 ⁵.

1023 2451 1349 2519 Formula
1390 2448 1597 2538 igitur
1645 2458 2038 2514 contractus
2082 2446 2488 2533 composita,
2536 2445 2754 2512 Ginus
2798 2445 3197 2533 Capponius
3241 2447 3587 2514 florentini
3632 2450 3874 2537 populi
3919 2450 4193 2516 nomine
4246 2449 4561 2536 pisanam

742 2553 814 2583 nc·

858 2581 1091 2628 arcem
1136 2556 1409 2643 accepit
1431 2554 1458 2594 ⁶
1502 2554 1851 2642 illamque,
1898 2566 1973 2619 ut
2018 2553 2090 2618 in
2134 2552 2475 2618 mandatis
2518 2549 2840 2632 habebat,
2886 2552 3260 2620 Laurentio
3307 2555 3725 2637 Raffacano,
3773 2556 4171 2624 vexinatum
4200 2556 4405 2621 unius
4433 2556 4562 2621 flo-

844 2667 1110 2735 rentine
1157 2663 1374 2730 tribus
1419 2675 1582 2729 tunc
1628 2660 1918 2750 gerenti,
1952 2659 2478 2726 custodiendam
2511 2658 2786 2747 reliquit
2812 2658 2857 2726 ⁷.
2951 2661 3108 2746 Ipse
3154 2682 3321 2727 vero
3368 2663 3460 2728 ad
3506 2662 3762 2750 Ripam
3808 2660 4130 2730 Fractam
4173 2662 4562 2750 profectus,

854 2775 1045 2842 cuius
1090 2791 1365 2860 quoque
1414 2769 1654 2856 oppidi
1700 2788 1930 2834 arcem
1978 2790 2066 2835 ex
2108 2779 2318 2853 pacto
2380 2778 2794 2853 accepturus
2853 2780 3000 2833 erat
3026 2766 3071 2848 ⁸,
3121 2790 3277 2835 cum
3324 2790 3410 2835 eo
3456 2769 3889 2857 pervenisset
3933 2782 4003 2837 et
4047 2770 4316 2837 solvere
4379 2770 4563 2837 arcis
4604 2772 4680 2836 20

853 2881 1173 2970 prefecto
1216 2878 1607 2965 pecuniam,
1653 2875 1852 2942 sicuti
1899 2893 2055 2940 cum
2102 2872 2432 2940 Gabriele
2480 2885 2921 2955 convenerat,
2955 2873 3285 2941 voluisset
3318 2887 3522 2963 atque
3554 2895 3787 2943 arcem
3820 2876 4166 2963 accipere,
4196 2878 4562 2963 prefectus

852 2986 1229 3055 assentiens
1271 2983 1519 3070 prim0,
1569 2982 1825 3049 deinde
1888 3001 2172 3070 negans,
2219 2979 2658 3067 postmodum
2702 3001 2778 3046 se
2825 2979 3143 3047 daturum
3187 2981 3551 3063 affirmans,
3600 2984 3899 3050 crastina
3944 3003 4069 3070 spe
4113 2984 4348 3069 plures
4410 2982 4565 3050 dies

849 3092 1185 3183 protraxit
1227 3113 1397 3158 rem.
1486 3089 1806 3156 Tandem
1851 3108 2042 3168 vero,
2092 3108 2248 3153 cum
2295 3107 2524 3153 arcem
2571 3085 2983 3166 tradidisset,
3029 3101 3343 3175 repertus
3373 3088 3445 3154 in
3477 3111 3563 3155 ea
3606 3102 3710 3157 est
3752 3090 4109 3178 Johannes
4151 3088 4406 3168 scriba,
4442 3089 4556 3154 cui

844 3199 1362 3267 Malcommetta
1390 3197 1522 3262 fuit
1565 3213 1976 3284 cognomen,
2023 3193 2235 3259 homo
2283 3192 2545 3259 callens
2589 3203 2761 3273 astu,
2795 3214 3001 3281 quem
3029 3193 3259 3261 Pisani
3305 3195 3632 3261 miserant
3677 3197 3768 3261 ad
3814 3195 4332 3263 disturbandam
4380 3217 4562 3272 rem3

847 3306 937 3374 ob
983 3327 1187 3394 quam
1236 3325 1511 3373 causam
1552 3302 1913 3389 prefectus
1955 3297 2566 3388 procrastinando'
2613 3321 2753 3366 non
2798 3300 3178 3368 tradiderat
3209 3301 3436 3369 statim
3467 3322 3721 3369 arcem.
3813 3303 4133 3391 Reliquis
4176 3302 4385 3391 igitur
4415 3323 4566 3368 ser-
4607 3301 4679 3366 25

841 3411 1016 3479 vatis
1063 3409 1399 3491 omnibus,
1446 3409 1564 3475 hic
1608 3408 1793 3475 solus
1838 3430 1879 3474 e
1924 3428 2186 3479 summa
2231 3405 2402 3472 turri
2446 3405 2897 3493 precipitatus
2940 3407 3203 3496 interijt
3226 3408 3272 3474 ⁹.

1023 3632 1069 3668 1.
1106 3613 1523 3679 Buccicaldum]
1564 3615 1623 3667 S.
1661 3612 2053 3676 Bucicaldum3
2105 3611 2163 3662 V.
2200 3609 2566 3661 Buccialdum
2604 3638 2670 3647 —
2711 3623 2760 3661 2.
2798 3609 3110 3676 oportuna]
3158 3613 3223 3664 0.
3258 3610 3316 3663 V.
3337 3614 3396 3665 S.
3417 3614 3500 3664 M.
3539 3616 3863 3680 opportuna
3905 3639 3929 3652 ·
3966 3610 4258 3678 videntur]
4299 3613 4372 3663 R.
4400 3612 4562 3663 vide-

840 3704 1063 3766 rentur3
1100 3700 1158 3751 S.
1183 3700 1454 3752 videntur
1487 3703 1719 3751 corretto
1753 3698 1812 3748 in
1848 3697 2179 3747 viderentur
2215 3722 2281 3733 —
2321 3708 2372 3758 4.
2410 3692 2617 3758 unitis]
2657 3696 2726 3746 L.
2752 3696 2934 3745 unitio
2973 3723 3039 3734 —
3078 3705 3127 3760 5.
3167 3694 3460 3763 Cusmam]
3496 3699 3563 3748 P.
3584 3697 3642 3749 S.
3670 3699 3744 3749 R.
3766 3700 3849 3748 M.
3890 3697 4155 3750 Cosmum
4192 3723 4216 3735 ·
4254 3694 4559 3765 Tarigum]

838 3788 906 3838 P.
947 3787 1251 3852 Tar-rigum
1287 3810 1355 3822 —
1393 3783 1445 3835 6.
1471 3798 1539 3835 ea
1575 3785 1816 3834 maxime
1850 3777 2111 3845 adducti]
2136 3781 2333 3844 parole
2367 3779 2597 3844 ripetute
2632 3780 2733 3830 due
2754 3781 2901 3830 volte
2932 3780 2993 3830 is
3029 3780 3101 3831 R.
3140 3806 3164 3818 ·
3199 3780 3457 3846 adducti]
3512 3783 3567 3834 V.
3604 3782 3796 3834 aducti
3822 3809 3889 3819 —
3917 3792 3967 3848 7.
3994 3775 4352 3851 adversique]
4394 3781 4464 3831 P.
4504 3780 4563 3830 V.

839 3872 1065 3923 adversi
1102 3895 1129 3909 -
1162 3866 1383 3932 Pisani]
1411 3869 1484 3919 R.
1509 3867 1738 3918 Pisanis
1774 3893 1842 3903 —
1879 3878 1930 3930 9.
1956 3863 2250 3929 venderet]
2296 3863 2353 3913 V.
2378 3866 2592 3914 emeret
2631 3890 2697 3901 —
2743 3877 2822 3914 10.
2862 3861 3049 3928 milia]
3105 3865 3249 3917 V.P.
3272 3867 3345 3915 R.
3367 3867 3449 3916 M.
3490 3866 3671 3917 millia
3709 3894 3776 3904 —
3818 3881 3899 3917 11.
3938 3862 4132 3934 pretiJ]
4166 3866 4234 3914 P.
4275 3864 4450 3933 preci]
4493 3889 4561 3901 —

755 3964 785 4020 5
843 3969 924 4021 13.
962 3949 1260 4019 reliquum]
1301 3951 1368 4003 0.
1406 3952 1685 4016 reliquam
1723 3977 1747 3989 -
1784 3946 2110 4012 menstruis]
2147 3948 2212 3998 0.
2240 3950 2499 3999 mestruis
2537 3975 2625 4008 —,
2648 3963 2727 4013 14.
2753 3947 3154 4015 conferebant]
3181 3952 3263 4001 M.
3289 3947 3637 4013 conferebat,
3665 3956 3898 4002 corretco
3922 3950 4025 4000 dal
4044 3951 4202 4000 Mun.
4229 3951 4285 3999 in
4312 3947 4561 3999 confere-

840 4041 1008 4091 batur
1030 4064 1098 4076 —
1132 4035 1216 4088 16.
1240 4033 1567 4101 Patavium]
1605 4037 1675 4087 L.
1702 4037 2034 4103 patavinum
2061 4059 2082 4072 -
2109 4030 2387 4100 ceperint]
2419 4035 2492 4083 R.
2517 4033 2835 4100 exceperint
2859 4057 2883 4070 ·
2909 4032 3135 4099 reliqui]
3176 4035 3249 4085 R.
3270 4036 3353 4085 M.
3390 4033 3607 4101 reliqua
3628 4062 3695 4072 —
3729 4036 3809 4087 18.
3836 4032 4176 4100 Raffacano]
4205 4034 4242 4083 I.
4265 4033 4339 4083 R.
4363 4031 4562 4085 Raffa-

838 4122 1006 4175 canio
1027 4147 1097 4160 —
1115 4134 1201 4172 20.
1227 4122 1386 4172 cuius
1408 4118 1652 4187 quoque]
1678 4121 1747 4171 L.
1772 4117 2039 4183 cuiusque
2063 4144 2131 4154 —
2159 4129 2338 4167 20-21.
2364 4116 2515 4167 arcis
2541 4114 2814 4184 prefecto]
2836 4117 2910 4168 R.
2933 4116 3190 4184 prefecto
3215 4121 3365 4169 arcis
3384 4145 3450 4156 —
3477 4130 3560 4168 22.
3588 4116 3798 4187 plures]
3833 4120 3889 4170 V.
3911 4119 4116 4186 pluries
4136 4141 4201 4154 -—
4224 4127 4309 4181 23.
4336 4119 4560 4184 protra-

840 4205 953 4274 xit]
977 4208 1035 4258 in
1060 4208 1123 4259 C.
1145 4222 1206 4256 su
1231 4206 1402 4256 litura
1426 4229 1450 4241 -
1473 4204 1760 4268 protraxit
1782 4200 1924 4267 rem]
1948 4201 2016 4253 P.
2044 4216 2162 4252 rem
2190 4201 2477 4269 protraxit
2501 4226 2525 4238 ·
2547 4197 2895 4265 tradidisset]
2937 4203 2994 4253 V.
3013 4201 3315 4253 tradidisse
3340 4200 3687 4269 -Johannesl
3715 4204 3775 4256 S.
3798 4205 3869 4254 R.
3882 4202 4164 4268 Joannes3
4198 4201 4255 4251 V.
4272 4201 4563 4268 Jovannes

840 4304 925 4357 24.
963 4286 1398 4354 Malcommetta]
1439 4290 1510 4339 R.
1549 4286 2085 4345 Mimalcommettaz
2124 4286 2207 4336 M.
2249 4284 2734 4337 Minalcommetta
2770 4310 2795 4323 ·
2829 4284 2948 4336 fuit
2982 4283 3325 4352 cognomen]
3360 4287 3427 4338 P.
3465 4302 3780 4354 cognomen
3816 4286 3937 4338 fuit

727 4444 790 4483 1o
1022 4422 1041 4460 ¹
1081 4426 1476 4492 Postquam...
1517 4424 1717 4476 Pisani
1750 4421 1846 4489 (da
1881 4438 1936 4491 p.
1975 4436 2026 4487 9,
2063 4423 2099 4473 1.
2142 4433 2206 4488 23
2244 4435 2279 4472 a
2312 4437 2368 4488 p.
2403 4435 2485 4486 10,
2521 4421 2559 4475 1.
2597 4418 2651 4486 7)
2763 4420 2991 4473 206000
3023 4423 3216 4475 fiorini
3240 4422 3687 4493 (propriamente
3714 4423 3818 4476 206
3835 4422 3980 4491 400),
4006 4418 4564 4492 propriolasomma
4616 4431 4679 4483 30

841 4511 918 4564 cf.
955 4510 1245 4573 Car-rom,
1288 4523 1426 4576 1129
1443 4509 1589 4561 A-B.

1021 4591 1042 4620 ⁸
1079 4593 1288 4645 Traooe
1312 4592 1452 4643 delle
1474 4592 1758 4643 laboriose
1783 4592 2045 4658 pratiche
2070 4590 2120 4641 si
2145 4590 2502 4641 riscontrano
2528 4587 2649 4638 nel-

842 4679 898 4730 le
938 4679 1187 4731 Comlte
1209 4677 1297 4728 del
1325 4692 1406 4744 14,
1440 4676 1522 4740 18,
1550 4687 1636 4739 22,
1663 4684 1729 4739 27
1756 4678 1976 4744 agosto‚
2003 4691 2122 4741 reg.
2148 4675 2257 4737 cit„
2282 4687 2364 4723 00.
2397 4669 2647 4738 154·162.

1018 4756 1043 4793 ⁸
1080 4763 1148 4812 In
1172 4776 1328 4812 em...
1346 4766 1699 4811 convenerunt
1723 4758 1810 4826 (11.
1838 4758 1978 4826 7-8);
2005 4757 2081 4810 ef.
2109 4758 2402 4819 Carrom,
2431 4768 2567 4821 1129
2583 4755 2645 4805 B.

727 4859 786 4914 15
840 4846 904 4899 Si
939 4846 1069 4898 noti
1100 4842 1240 4911 pero
1264 4843 1384 4908 che,
1413 4846 1625 4895 mentre
1652 4842 1694 4894 11
1719 4843 2019 4894 Panum
2043 4842 2169 4893 dice
2194 4840 2647 4909 esplicitamente

843 4930 888 4980 il
925 4931 1215 4981 contntto
1263 4930 1546 4978 avvenuto
1584 4941 1618 4976 a
1654 4927 2016 4978 Pietrasanta
2068 4921 2150 4989 (in
2199 4939 2261 4975 eo
2307 4920 2546 4989 oppido),
2596 4922 2644 4972 11

844 5013 1121 5066 curem
1157 5027 1274 5063 non
1313 5011 1378 5064 fa
1415 5012 1710 5063 menzione
1747 5010 1832 5060 del
1868 5011 2037 5075 luogo
2066 5024 2170 5060 ove
2205 5008 2259 5061 la
2294 5010 2548 5059 cessione
2582 5003 2644 5055 fu

843 5098 1130 5164 stipulata,
1157 5112 1258 5165 per
1282 5099 1496 5163 quanto
1523 5095 1616 5147 dal
1641 5097 1898 5147 contesto
1924 5094 2011 5145 del
2034 5108 2203 5159 passo
2230 5092 2324 5143 dei
2365 5093 2636 5143 Commen-

843 5184 983 5235 tarae'i
1008 5182 1116 5235 tale
1139 5182 1349 5250 ipotesi
1374 5196 1544 5249 possa
1568 5179 1882 5233 affachar-sl
1905 5178 2235 5230 facilmente
2259 5177 2315 5229 al
2335 5178 2553 5228 lettore.

1020 5267 1106 5318 La
1140 5281 1371 5335 compta
1403 5264 1465 5316 fu
1503 5264 1771 5334 stipulata
1818 5278 1928 5315 con
1978 5265 2126 5314 varii
2161 5264 2440 5312 contratti
2475 5274 2512 5310 a
2547 5261 2644 5311 Li-

843 5365 1031 5403 vorno
1081 5347 1224 5417 (non
1259 5365 1295 5402 a
1328 5350 1686 5404 Pietrasanta
1733 5361 1894 5399 come
1943 5347 2068 5398 dice
2107 5346 2150 5396 il
2183 5344 2487 5395 Panum
2534 5343 2644 5395 sul·

841 5431 1132 5487 l’autorita
1166 5433 1259 5485 del
1300 5431 1602 5500 Carrom)
1640 5433 1682 5484 il
1717 5440 1784 5496 27
1823 5446 1854 5482 e
1893 5432 1961 5484 28
1996 5433 2199 5499 agosto
2255 5438 2414 5495 1405.
2461 5427 2645 5496 Copia

847 5519 939 5569 dei
974 5519 1252 5569 contratti
1288 5516 1420 5569 vedi
1459 5518 1520 5567 in
1556 5518 1637 5568 R.
1675 5516 1899 5566 Arch.
1936 5515 2012 5565 di
2048 5514 2267 5565 Stato
2305 5513 2382 5564 in
2431 5512 2643 5575 Pisa,

722 5279 792 5318 20

845 5604 1150 5655 Protocolli
1168 5602 1402 5670 insoglt'
1422 5603 1686 5653 volantis
1706 5600 1981 5666 quadani,
2004 5600 2059 5648 A
2094 5612 2179 5665 29,
2207 5600 2424 5649 inserto
2456 5598 2520 5650 18
2536 5598 2645 5649 bis.

720 5702 787 5758 25
1020 5683 1043 5712 ⁴
1079 5685 1129 5737 11
1162 5686 1368 5738 florino
1404 5687 1565 5737 d’oro
1603 5699 1811 5753 pesava
1844 5698 1959 5736 una
1995 5684 2254 5734 dramma
2288 5681 2646 5747 equivalente

845 5788 881 5825 a
917 5776 1003 5825 tre
1040 5772 1276 5837 danar13
1315 5775 1348 5826 8
1385 5771 1575 5822 fiorini
1615 5783 1900 5839 pesavano
1936 5766 2131 5835 percio
2168 5781 2238 5834 24
2276 5768 2478 5819 danari
2519 5763 2645 5819 eice

843 5856 1140 5920 un‘oncia3
1175 5854 1246 5924 96
1283 5869 1398 5907 una
1422 5854 1620 5919 libbra,
1655 5851 1783 5906 eioe
1817 5852 2009 5905 dodici
2034 5867 2174 5903 once
2211 5849 2311 5918 (cf.
2347 5851 2399 5902 le
2434 5866 2644 5902 memo·

846 5944 930 5996 rie
966 5945 1052 5995 sul
1083 5942 1289 5995 florino
1325 5942 1633 5994 contenute
1668 5941 1732 5992 in
1767 5942 2097 6001 Aaom‘n,
2136 5938 2226 5988 De
2261 5939 2500 5991 Montis
2523 5939 2644 5990 Ita-

846 6029 976 6091 liae,
993 6028 1106 6080 vol.
1131 6027 1208 6078 IV
1209 6024 1259 6093 ):
1288 6027 1628 6092 21501ibbre
1653 6027 1811 6079 d’oro
1837 6039 1944 6077 son
1970 6023 2189 6090 dunque
2208 6024 2272 6074 in
2295 6022 2445 6073 cifra
2467 6023 2647 6075 tonda

2758 4508 2969 4571 pagata
3004 4508 3099 4558 dai
3135 4509 3460 4561 Fiorentini
3497 4525 3596 4577 per
3631 4524 3769 4562 aver
3803 4510 3938 4561 Pisa
3974 4522 4006 4559 e
4040 4507 4091 4558 le
4123 4504 4382 4569 forme,
4408 4517 4563 4556 come

2758 4587 2985 4639 afferma
3020 4593 3398 4657 giustamente
3435 4593 3475 4643 11
3513 4591 3804 4656 caraem,
3853 4592 4052 4656 1129ss
4091 4587 4184 4655 (cf.
4221 4588 4245 4638 1
4280 4589 4564 4640 conti-atti

2756 4674 2854 4722 cit.
2893 4672 2989 4723 nel
3025 4675 3092 4725 R.
3131 4674 3306 4726 Arch.
3346 4677 3408 4727 di
3447 4676 3619 4743 Pisa).

2933 4753 2957 4787 ⁵
3001 4759 3077 4809 Ut
3135 4759 3386 4811 Gabriel.
3405 4793 3484 4815 ...
3532 4763 3728 4813 solutio
3779 4759 3861 4825 (11.
3911 4758 4102 4827 8·16);
4152 4755 4227 4808 cf.
4266 4756 4563 4814 Carrom.

2761 4849 2897 4904 1129
2923 4841 3060 4892 B-C.
4615 4847 4674 4900 35

2929 4917 2954 4953 ⁶
2992 4922 3145 4974 Gino
3165 4923 3331 4976 entro
3353 4926 3508 4978 nella
3525 4926 3817 4977 cittadella
3838 4926 3880 4975 il
3897 4939 3968 4992 30
3983 4927 4185 4990 agosto
4219 4935 4371 4991 1405,
4395 4938 4488 4976 ma
4507 4923 4560 4974 la

2750 5008 3005 5058 cessione
3029 5010 3282 5075 regolare
3305 5025 3336 5060 e
3358 5009 3582 5063 l’uscita
3606 5009 3747 5061 delle
3773 5012 3975 5078 truppe
3993 5009 4054 5059 di
4078 5008 4430 5071 Buccicaldo,
4455 5009 4557 5059 che

2749 5091 2804 5143 la
2840 5091 3260 5157 presidiavano,
3299 5108 3331 5144 e
3368 5093 3423 5145 la
3462 5095 3585 5145 loro
3622 5095 4000 5145 sostituzione
4036 5108 4146 5144 con
4183 5091 4444 5143 isoldati
4468 5107 4557 5142 co·

2748 5174 3005 5226 mandati
3028 5174 3122 5226 dal
3145 5176 3440 5229 Raffacani
3463 5191 3790 5229 avvennero
3829 5177 3952 5228 solo
3991 5177 4032 5227 11
4065 5178 4276 5242 giorno
4315 5189 4556 5243 segnen-

2750 5260 2823 5309 te.
2862 5257 2956 5310 Cf.
2984 5258 3274 5325 Carnem,
3305 5274 3440 5326 1129
3466 5264 3549 5326 D3
3575 5263 3866 5325 Mokata,
3893 5264 3954 5312 in
3981 5261 4197 5313 Delisie
4218 5261 4376 5326 degli
4407 5261 4560 5312 σιώ
4613 5262 4679 5314 40

2747 5351 2895 5406 tosa,
2921 5345 3075 5408 xlx,
3113 5360 3169 5411 p.
3213 5360 3306 5410 123
3330 5347 3667 5410 Sozouano,
3700 5347 3867 5409 11883
3894 5346 4012 5399 Saa
4048 5346 4261 5408 Norat,
4293 5346 4556 5406 cronaca,

2751 5430 2815 5480 in
2835 5426 3186 5493 Comzzm,
3221 5430 3444 5482 Asudio
3469 5431 3533 5480 di
3550 5433 3705 5493 Pisa,
3734 5431 3986 5493 Firenze,
4016 5431 4171 5496 1885,
4194 5445 4292 5499 pp.
4317 5444 4354 5497 9
4378 5445 4411 5480 e
4439 5442 4523 5480 21.

2924 5508 2949 5546 ⁷
2985 5515 3321 5567 Formam...
3342 5516 3561 5581 reliquit
3579 5514 3653 5580 (11.
3673 5514 3889 5581 17·19);
3916 5514 3993 5566 cf.
4009 5514 4306 5577 Carnem,
4332 5528 4357 5565 1
4371 5526 4475 5579 129
4495 5515 4556 5565 D.

2928 5592 2952 5628 ⁸
2991 5597 3078 5649 La
3113 5596 3531 5650 commissione
3565 5612 3600 5649 a
3637 5597 3794 5650 Gino
3841 5597 3903 5649 di
3937 5597 4185 5650 ricevere
4234 5595 4557 5665 Ripafratts

2749 5677 2812 5728 fu
2847 5680 2982 5731 data
3019 5679 3113 5730 dai
3150 5681 3320 5732 Dieci
3370 5681 3429 5730 di
3478 5676 3633 5731 Bana
3669 5680 3712 5730 11
3749 5694 3780 5747 3
3819 5680 4119 5732 settembre
4168 5676 4428 5744 (Dieci
4483 5678 4546 5728 di
4615 5693 4676 5746 45

2750 5760 2989 5827 Bana,
3028 5765 3329 5818 Istrat‘oni
3359 5782 3389 5815 e
3420 5766 3640 5819 neth-rive
3661 5766 3978 5830 1402-1406‚
4019 5781 4070 5816 0.
4113 5764 4222 5831 80).
4293 5764 4550 5817 Secondo

2751 5849 2791 5898 11
2814 5847 3133 5911 5111041131,
3162 5866 3215 5917 p.
3250 5864 3366 5914 100,
3394 5852 3435 5902 11
3462 5849 3725 5919 Capponi
3752 5850 3995 5904 arrebbe
4024 5851 4286 5901 ricevuta
4309 5849 4366 5902 la
4388 5864 4553 5901 rocca

2754 5935 2794 5985 il
2829 5931 2863 5983 6
2900 5932 3221 5989 settembre.

2894 6016 2918 6052 ⁹
2954 6022 3189 6086 Ipsa...
3215 6023 3428 6091 ἱκανὴν
3461 6021 3539 6091 (11.
3582 6021 3799 6092 19-26);
3825 6022 3894 6076 cf.
3921 6025 4215 6089 carnot-11,
4261 6035 4401 6090 1130
4418 6022 4554 6073 D-E.
