4823 7100
24 694 57 799 ξ.

1205 493 1350 568 DE
1407 488 2115 569 CAPTIVITATE
2166 484 2643 568 PISARUM
2695 487 3014 566 LIBER
3917 488 3963 565 9

263 750 402 805 erat
443 736 763 819 Albitius,
810 760 1020 828 eques
1064 741 1487 821 florentinus,
1532 742 1640 808 vir
1687 763 1771 808 ea
1815 753 2226 827 tempestate
2274 740 2812 827 circumspectus
2843 752 2914 807 et
2942 739 3016 806 in
3043 738 3404 826 republica
3447 759 3695 828 magne
3727 751 3968 807 aucto·

256 845 470 911 ritatis
516 847 705 927 civis,
754 867 911 913 cum
958 868 1096 936 quo
1140 848 1279 915 iam
1322 849 1595 937 pridem
1643 847 2015 915 amicitiam
2058 846 2408 925 servabat3
2458 868 2596 935 qua
2640 846 2713 911 in
2756 846 2992 933 primis
3052 846 3368 927 confisus,
3413 846 3508 912 ad
3549 844 3741 911 illum
3788 845 3970 911 misit

258 951 697 1019 Leonardum
743 954 1111 1042 quemdam
1155 967 1613 1022 mercatorem
1658 954 2102 1021 florentinum
2147 953 2321 1021 Pisis
2366 966 2535 1021 tunc
2584 964 3145 1032 commorantem,
3192 952 3526 1041 petijtque
3571 964 3647 1019 ut
3692 951 3968 1030 Vicum,

259 1056 477 1144 pisani
522 1060 673 1147 agri
719 1060 1070 1147 oppidum,
1116 1062 1404 1140 veniret,
1453 1061 1570 1128 ubi
1618 1081 1774 1126 cum
1820 1081 1906 1127 eo
1954 1060 2333 1126 convenire
2382 1058 2705 1145 cupiebat
2750 1071 3164 1126 tractaturus
3208 1058 3507 1146 quedam
3552 1056 3969 1125 Florentinis

189 1162 220 1227 5
265 1175 327 1228 et
356 1162 493 1229 sibi
519 1165 921 1252 gratissima.
997 1165 1236 1234 Masus
1263 1168 1491 1256 igitur,
1538 1166 1775 1234 habita
1803 1166 1993 1254 prius
2022 1165 2466 1255 magistratus
2493 1163 2798 1244 licentia,
2829 1164 2903 1230 in
2933 1164 3188 1246 villam,
3219 1186 3422 1252 quam
3453 1165 3526 1230 in
3556 1162 3968 1232 bientinensi

259 1289 421 1358 agro
471 1270 653 1338 Vico
700 1272 959 1358 oppido
1006 1274 1170 1339 satis
1214 1274 1511 1340 vicinam
1556 1273 1977 1360 possidebat,
2024 1272 2519 1359 proficiscitur;
2568 1271 2898 1357 postridie
2945 1271 3282 1357 piscando
3341 1293 3470 1358 per
3527 1269 3795 1339 Arnum
3843 1269 3970 1335 flu-

257 1374 466 1441 vium'
514 1375 703 1443 iuxta
747 1377 1000 1445 Vicum
1046 1399 1120 1445 se
1155 1379 1463 1459 contulit,
1508 1379 1810 1467 indeque
1857 1375 2201 1446 Gabrielis
2247 1377 2550 1457 nomine,
2598 1377 2737 1463 qui,
2785 1375 2987 1443 sicuti
3031 1375 3211 1442 inter
3257 1397 3378 1443 eos
3409 1377 3637 1444 iuerat
3683 1396 3969 1464 compo-

256 1479 475 1562 situm,
528 1484 774 1551 eadem
821 1484 936 1551 die
982 1483 1159 1551 Pisis
1205 1484 1455 1552 Vicum
1503 1485 1903 1564 devenerat,
1937 1484 2030 1551 ad
2062 1483 2290 1551 cibum
2335 1495 2718 1571 potumque
2765 1482 3111 1561 invitatus,
3158 1481 3404 1571 quibus
3434 1482 3714 1550 dicebat
3740 1484 3969 1571 pisca-

257 1598 441 1653 tores
486 1611 744 1655 summe
790 1590 1125 1679 indigere,
1173 1590 1426 1658 Vicum
1478 1590 1859 1680 ingreditur
1885 1588 1942 1667 ¹3
1991 1590 2364 1677 feruntque
2408 1589 2916 1679 ingredientem
2963 1588 3150 1653 illum
3196 1588 3450 1656 vidisse
3511 1590 3837 1657 vexillum
3884 1614 3971 1659 ex

151 1696 218 1759 10
257 1693 429 1759 arcis
474 1696 856 1764 summitate
905 1697 1164 1764 cadens
1192 1708 1351 1785 post
1383 1696 1805 1764 dimidiatam
1850 1696 2282 1764 altitudinem
2325 1716 2728 1782 suspensum
2774 1696 3007 1761 ferreo
3040 1695 3246 1761 anulo
3290 1717 3649 1763 remanere
3694 1698 3967 1786 suisque

254 1800 542 1866 dixisse:
590 1801 1070 1869 Romanorum
1115 1814 1427 1890 tempore
1474 1801 1730 1869 malum
1777 1803 1913 1869 hoc
1962 1815 2143 1869 esset
2206 1801 2624 1868 dominantis
2684 1821 2909 1871 omen.
3003 1798 3291 1868 Gabriel
3348 1815 3718 1889 postquam
3776 1804 3970 1870 illum

255 1907 550 1993 accepit,
580 1908 773 1976 facto
805 1909 1026 1997 epulis
1056 1910 1284 1990 mode,
1330 1910 1405 1975 in
1435 1922 1769 1977 semotam
1802 1909 2037 1976 edium
2068 1907 2351 1976 adducit
2380 1921 2671 1995 partem,
2702 1907 2933 1994 ibique
2964 1908 3193 1973 varios
3221 1928 3576 1976 sermones
3604 1910 3969 2000 ingressus,

253 2036 517 2083 summa
559 2028 790 2083 tamen
835 2016 987 2097 fuit,
1033 2029 1109 2084 ut
1151 2016 1321 2083 nihil
1367 2017 1557 2084 aliud
1584 2016 1713 2085 nisi
1745 2015 2305 2084 Florentinorum
2351 2015 2720 2082 amicitiam
2753 2015 3096 2103 fedusque
3127 2030 3570 2103 exposcerem
3603 2018 3963 2106 multisque

252 2119 431 2187 ultro
482 2121 797 2210 citroque
842 2121 1092 2189 habitis
1136 2122 1386 2203 verbis,
1436 2122 1673 2189 Masus
1718 2124 2023 2202 tandem,
2055 2120 2486 2212 magistratui
2530 2121 2801 2209 singula
2847 2122 3207 2201 relaturus,
3240 2121 3662 2189 Florentiam
3694 2125 3901 2213 redijt
3924 2125 3969 2192 ⁴².

147 2224 209 2290 15
429 2225 719 2295 Postero
743 2228 881 2308 die,
906 2228 1232 2297 Gabriele
1265 2230 1458 2297 Pisas
1486 2250 1788 2309 reverso,
1820 2228 2312 2295 intellexerunt
2343 2226 2576 2295 Pisani
2609 2228 2799 2294 illum
2832 2247 2990 2294 cum
3020 2228 3223 2294 Maso
3255 2230 3666 2296 convenisse
3699 2242 3769 2298 et
3800 2233 3970 2320 quid

248 2334 510 2425 negotij
559 2334 910 2403 habuisset
970 2336 1454 2424 disceptantes,
1520 2335 1828 2402 arbitrati
1889 2337 2171 2402 tandem
2232 2347 2389 2401 sunt
2452 2334 2849 2403 Gabrielem
2911 2335 3326 2402 Florentinis
3385 2334 3612 2404 Pisas'
3657 2340 3964 2407 vendere

247 2440 564 2507 voluisse.
657 2442 1151 2523 Quamobrem,
1183 2442 1381 2509 veriti
1412 2463 1501 2509 ne
1534 2442 1694 2509 talis
1728 2453 2124 2509 contractus
2154 2442 2371 2521 fieret,
2404 2461 2597 2507 arma
2626 2440 2855 2508 statim
2888 2462 3261 2528 sumpsere.
3313 2441 3650 2509 Gabriel'
3631 2466 3704 2509 111
3733 2465 3967 2511 arcem

249 2546 431 2635 fugit
478 2558 549 2614 et
591 2569 667 2614 se
714 2550 1074 2618 conductis
1119 2548 1443 2617 militibus
1486 2546 1906 2616 tutabatur&
2002 2548 2262 2616 Verum
2310 2568 2468 2614 cum
2510 2570 2739 2615 rerum
2785 2548 3325 2616 necessariarum
3385 2551 3674 2637 penuria
3732 2553 3972 2640 populi

250 2651 685 2721 obsidionem
728 2656 1132 2742 protrahere
1178 2676 1319 2721 non
1363 2675 1568 2741 posse
1614 2655 2032 2743 intelligeret
2084 2673 2219 2719 nec
2280 2654 2444 2720 satis
2489 2666 2633 2720 tute
2677 2654 3067 2741 persistere,
3114 2654 3347 2745 auxilij
3396 2675 3590 2742 spem
3652 2659 3744 2723 ad
3788 2659 3972 2727 Buc-

134 2760 208 2824 20
249 2758 594 2825 cicaldum
640 2761 845 2827 vertit
892 2774 963 2828 et
1009 2761 1330 2828 celeriter
1375 2762 1468 2829 ad
1516 2782 1671 2827 eum
1718 2760 1899 2826 misit
1944 2759 2475 2848 impetravitque
2508 2760 2920 2848 sagiptarios
2963 2774 3034 2827 et
3082 2772 3405 2848 expertos
3449 2763 3542 2828 ad
3589 2766 3971 2832 custodiam

250 2866 524 2945 milites,
572 2866 816 2953 quibus
860 2889 935 2933 se
984 2868 1431 2936 communivit
1475 2879 1683 2954 atque
1731 2867 2071 2947 defendit,
2117 2867 2268 2935 sola
2311 2868 2473 2933 navi
2519 2868 2749 2955 longa,
2784 2889 2916 2954 que
2963 2867 3356 2955 intercepta
3399 2868 3679 2936 tandem
3723 2884 3970 2957 postea

249 2994 290 3038 a
333 2972 604 3039 Pisanis
649 2974 801 3054 fuit,
848 2995 976 3059 per
1020 2972 1287 3041 Arnum
1332 2973 1617 3039 fluvium
1660 2972 2156 3041 commeatibus
2202 2972 2584 3060 importatis
2605 2972 2654 3040 ⁴.

430 3079 805 3168 Postquam
853 3079 1258 3161 Florentini,
1305 3099 1441 3167 que
1487 3080 1660 3147 Pisis
1704 3080 1901 3147 sacta
1946 3081 2248 3159 fuerant,
2295 3092 2779 3168 cognoverunt
2822 3093 2892 3147 et
2938 3095 3369 3169 acceperunt
3412 3081 3816 3153 Buccicaldi
3848 3087 3974 3152 mi-

251 3186 403 3253 lites
457 3186 527 3252 in
573 3206 733 3254 arce
777 3186 989 3255 fuisse
1038 3200 1378 3275 receptos,
1423 3187 1864 3255 occasionem
1908 3187 2227 3274 patrandi
2260 3207 2394 3274 que
2431 3199 2637 3254 antea
2667 3199 3131 3256 tractaverant
3173 3189 3364 3256 nacti
3381 3187 3427 3271 ⁵,
3473 3191 3648 3259 duos
3691 3192 3973 3283 delege-

438 3444 483 3479 1.
521 3427 708 3495 eques]
738 3431 811 3481 R.
839 3432 922 3481 M.
948 3444 1134 3492 onum
1166 3431 1226 3481 in
1249 3428 1309 3480 S.
1345 3431 1482 3493 dopo
1518 3430 1963 3496 circumspectus
2001 3453 2026 3467 -
2063 3426 2154 3493 ea]
2194 3430 2263 3481 L.
2302 3430 2365 3479 in
2402 3442 2470 3480 ea
2505 3451 2529 3466 -
2564 3426 2917 3497 tempestate]
2954 3430 3040 3480 M.
3078 3433 3261 3483 aetate
3315 3459 3380 3469 —
3436 3443 3542 3483 1-2.
3582 3433 3970 3500 auctoritatis]

249 3514 317 3564 P.
354 3513 730 3566 authoritatis
755 3542 821 3553 --
851 3528 898 3566 2.
924 3512 1263 3580 amicitiam]
1291 3515 1355 3566 Ο.
1380 3514 1636 3567 amicitia
1675 3539 1700 3553 -
1735 3516 1798 3565 in
1833 3511 2055 3582 primis]
2105 3516 2169 3566 O.
2208 3514 2491 3582 imprimis
2517 3540 2583 3552 —
2610 3526 2662 3579 3.
2684 3513 3006 3582 quemdam]
3044 3516 3113 3567 L.
3141 3514 3206 3567 O.
3241 3515 3522 3582 quendam
3555 3544 3622 3556 —
3663 3528 3710 3584 5.
3748 3518 3963 3588 Masus]

251 3602 309 3649 in
335 3601 398 3651 C.
429 3600 501 3649 ed
517 3601 561 3656 I.
583 3615 643 3648 su
667 3600 837 3651 litura
862 3614 1003 3650 conoe
1030 3617 1065 3649 a
1078 3606 1139 3663 p.
1164 3601 1217 3661 8,
1243 3601 1282 3648 l.
1308 3613 1378 3663 ²4
1403 3627 1468 3637 —
1496 3599 1547 3651 8.
1575 3597 1897 3664 devenerat]
1927 3597 1991 3647 0.
2024 3601 2255 3649 venerat
2279 3625 2346 3635 —
2372 3614 2425 3665 9.
2453 3598 2862 3666 ingredientem
2881 3600 3066 3666 iilum]
3088 3600 3154 3652 0.
3182 3600 3336 3652 illum
3359 3602 3766 3670 ingredientem
3790 3631 3856 3642 —

138 4288 198 4324 10

138 4711 192 4764 15

129 5979 197 6033 30

249 3682 605 3748 summitate]
637 3683 702 3734 0.
728 3685 995 3736 sumitate
1022 3712 1088 3720 —
1125 3697 1203 3734 11.
1230 3683 1363 3750 hoc]
1404 3685 1477 3735 R.
1504 3698 1653 3733 omns.
1681 3708 1706 3721 ·
1741 3679 2120 3745 dominantis]
2149 3683 2207 3732 in
2247 3684 2306 3733 C.
2330 3698 2391 3732 ss
2429 3683 2631 3744 litura5
2671 3684 2736 3735 0.
2757 3685 2830 3733 R.
2869 3685 3283 3740 dominationis
3320 3711 3344 3723 ·
3385 3699 3465 3736 12.
3504 3686 3749 3754 accepit]
3793 3690 3864 3739 R.
3886 3691 3970 3742 ΔΙ.

250 3770 475 3836 excepit
499 3794 522 3805 -
548 3765 856 3834 ingressus]
894 3761 953 3819 V.
973 3781 1267 3834 aggressus
1291 3796 1357 3804 —
1390 3782 1470 3833 13.
1492 3763 1732 3831 summa]
1756 3766 1821 3817 0.
1840 3778 2003 3818 suma
2027 3791 2051 3803 ·
2078 3764 2254 3832 nihil]
2279 3767 2347 3817 L.
2376 3766 2553 3817 nichil
2580 3791 2647 3803 —
2674 3780 2753 3834 14.
2781 3767 2994 3833 Masus]
3022 3770 3077 3818 in
3107 3770 3166 3821 C.
3195 3768 3264 3819 ed
3276 3771 3314 3818 l.
3340 3785 3401 3819 su
3426 3770 3600 3821 litura
3623 3785 3764 3822 come
3789 3789 3825 3822 a
3832 3780 3895 3837 p.
3919 3777 3972 3837 8,

251 3854 287 3902 l.
313 3867 388 3915 24
416 3877 441 3890 ·
466 3850 722 3916 tandem]
752 3850 817 3902 Ο.
844 3855 1031 3903 tamen
1055 3878 1122 3888 —
1154 3862 1236 3916 15.
1263 3849 1446 3915 Maso]
1473 3852 1531 3901 in
1562 3852 1620 3902 C.
1648 3849 1717 3899 ed
1736 3851 1773 3900 l.
1799 3866 1859 3900 su
1884 3850 2054 3900 litura
2080 3866 2215 3900 conae
2239 3867 2274 3900 a
2288 3858 2351 3916 p.
2375 3851 2429 3911 8,
2456 3852 2496 3902 l.
2521 3865 2591 3914 ²4
2615 3879 2681 3887 —
2714 3850 2795 3903 16.
2834 3851 3072 3922 negotijJ
3106 3854 3164 3903 C.
3195 3854 3259 3905 0.
3280 3854 3347 3903 P.
3372 3853 3430 3904 S.
3452 3854 3666 3922 negoci]
3696 3881 3761 3892 —
3794 3869 3974 3923 19-20.

252 3934 678 4000 Buccicaldum]
722 3937 777 3986 V.
802 3935 1169 3988 Buccialdum
1195 3963 1260 3972 —
1290 3948 1375 3986 2ο.
1402 3933 1600 3999 vertit]
1627 3936 1700 3985 R.
1727 3936 2016 3985 convertit
2041 3959 2065 3971 ·
2090 3932 2462 4001 sagiptarios]
2488 3937 2527 3984 l.
2548 3936 2620 3985 R.
2640 3937 2725 3987 M.
2751 3938 3083 4003 sagittarios
3109 3964 3176 3974 —
3203 3950 3289 4005 ²3·
3315 3936 3645 4004 Postquam]
3697 3941 3753 3991 V.
3771 3941 3838 3992 P.
3864 3942 3977 3994 Po-

252 4022 549 4086 steaquam
575 4047 641 4057 -
669 4032 752 4084 24.
778 4015 974 4084 antea]
1012 4021 1079 4070 P.
1116 4021 1251 4071 ante
1277 4047 1343 4056 -
1382 4031 1531 4085 24·p.
1574 4017 1725 4081 10,1.
1766 4031 1811 4068 1.
1838 4017 2182 4085 delegerunt]
2224 4018 2305 4068 M.
2343 4019 2634 4085 elegerunt

432 4189 449 4226 ¹
488 4194 573 4245 La
608 4196 735 4260 gita
769 4192 1121 4245 dell’Albizzi
1159 4208 1195 4246 a
1234 4196 1400 4258 VicO,
1426 4196 1710 4247 anteriore
1740 4192 1876 4245 d’un
1898 4195 2053 4259 gior-

245 4292 322 4327 no
360 4277 474 4328 alla
507 4280 764 4329 cacciata
802 4279 863 4329 di
902 4277 1164 4330 Gabriele
1202 4279 1388 4330 Maria
1424 4278 1497 4328 da
1537 4278 1687 4340 Pisa,
1727 4276 1867 4328 deve
1892 4278 2052 4344 porsi

244 4360 297 4410 al
343 4374 409 4428 19
435 4361 611 4429 luglio
646 4372 797 4428 1405.
870 4364 1002 4412 Non
1029 4377 1093 4413 so
1119 4359 1324 4430 perche
1353 4362 1396 4412 il
1421 4362 1742 4412 Passaanu
1774 4356 1900 4426 (ms.
1933 4359 2053 4425 156,

247 4447 473 4495 imerto
509 4456 562 4506 2,
600 4446 716 4495 tav.
742 4445 814 4508 11,
852 4447 914 4495 in
950 4445 1098 4497 Bibl.
1135 4447 1271 4498 Nax.
1310 4445 1371 4496 di
1408 4445 1666 4511 Firenze)
1704 4445 1757 4496 la
1793 4444 1924 4497 dica
1959 4459 2058 4497 av-

2160 4195 2188 4225 ⁴¹
2210 4196 2363 4246 inter
2402 4193 2762 4262 magnificum
2801 4199 2857 4249 et
2891 4196 3173 4249 excelsum
3207 4212 3450 4251 comune
3487 4198 3776 4252 Florentie
3810 4204 3869 4252 et
3905 4202 3973 4252 11-

2164 4278 2452 4330 “lustrem
2489 4279 2799 4332 Dominum
2837 4295 3044 4344 meum,
3081 4281 3350 4348 poteritis
3398 4282 3693 4334 efficaciter
3743 4284 3976 4336 demon-

2170 4362 2200 4391 “
2219 4366 2418 4415 strare.
2463 4364 2643 4431 Super
2666 4379 2798 4431 quo,
2823 4380 2991 4432 quam
3015 4366 3142 4431 plus
3167 4365 3421 4417 strictius
3446 4369 3504 4417 et
3527 4368 3715 4418 carius
3738 4369 3973 4437 possim,

2166 4449 2703 4515 “Magnificentiam
2738 4450 3002 4501 Vestram
3028 4449 3297 4517 deprecor
3321 4452 3380 4500 et
3403 4464 3592 4512 exoro,
3619 4449 3691 4501 de
3715 4465 3828 4516 quo
3853 4451 3976 4518 plu·

246 4530 463 4579 venuta
496 4529 689 4579 subito
727 4530 882 4597 dopo
919 4529 961 4580 il
995 4529 1464 4597 gonsalonierato
1503 4530 1562 4580 di
1601 4531 1786 4592 Maso,
1811 4526 1937 4581 cioe
1970 4529 2067 4581 nel
2172 4533 2200 4562 ‘¹
2221 4535 2334 4583 ries
2367 4533 2589 4584 contuli
2621 4547 2747 4584 cum
2781 4532 3088 4585 Leonardo
3125 4534 3480 4598 presentium
3526 4536 3829 4599 portitore,
3880 4536 3975 4585 cui

247 4628 449 4665 marzo
493 4624 647 4679 1405.

430 4694 455 4729 2
505 4698 652 4750 Tune
686 4699 927 4765 figetur..
944 4700 1189 4768 ..νοᾱξμ
1227 4696 1320 4766 (da
1358 4717 1414 4769 p.
1440 4699 1554 4763 8,1.
1583 4710 1647 4765 25
1674 4715 1709 4752 a
1736 4716 1791 4769 p.
1816 4700 1927 4768 9,l.
1960 4698 2063 4765 14).

244 4782 292 4831 11
315 4782 612 4847 colloquio
651 4783 713 4833 di
749 4782 1011 4836 Gabriele
1046 4785 1231 4836 Maria
1255 4798 1363 4835 con
1391 4785 1551 4836 Maso
1577 4781 1609 4836 ὲ
1634 4786 1940 4836 accennato
1967 4784 2061 4834 dal

246 4865 549 4930 Carrom,
592 4867 731 4918 1128
750 4866 895 4920 B·C.
964 4868 1015 4919 11
1049 4869 1349 4920 Panum
1381 4868 1458 4918 ha
1496 4870 1557 4918 in
1596 4867 1693 4936 piu
1733 4868 1774 4918 il
1811 4881 1979 4919 nome
2002 4866 2064 4918 di

244 4951 378 5015 quel
403 4951 705 5003 Leonardo
745 4952 968 5004 inviato
994 4953 1068 5003 da
1094 4952 1358 5005 Gabriele
1394 4952 1575 5004 Marla
1610 4965 1769 5004 come
1796 4954 2064 5004 interme-

246 5034 439 5086 diario
460 5049 492 5085 e
506 5035 560 5086 le
581 5038 792 5088 notizie
812 5038 903 5088 del
924 5039 1179 5105 pretesto
1199 5037 1439 5088 addotto
1467 5038 1540 5089 da
1561 5037 1724 5089 Maso
1743 5052 1846 5103 per
1865 5039 2062 5087 venire

245 5134 281 5169 a
308 5119 462 5169 Vico
488 5133 520 5170 e
545 5118 686 5170 della
709 5121 910 5173 caduta
932 5120 1027 5171 del
1054 5121 1296 5172 vessillo.
1371 5119 1490 5173 Che
1524 5122 1583 5172 10
1609 5122 1871 5171 scrittore
1895 5120 2062 5172 abbia

247 5203 418 5254 udito
458 5205 566 5254 tali
602 5206 941 5270 particolar-i
977 5219 1013 5257 a
1051 5206 1286 5257 Firenze
1311 5206 1383 5256 da
1405 5205 1605 5257 alcuno
1631 5204 1784 5272 degli
1809 5204 2063 5257 Albini?

247 5288 427 5339 Certo
468 5304 740 5341 mancano
779 5292 842 5341 in
879 5293 1017 5342 tutti
1053 5290 1135 5357 gli
1172 5292 1391 5354 storici,
1429 5303 1462 5341 e
1497 5291 1539 5342 11
1574 5293 1760 5356 primo
1798 5290 1861 5342 dl
1896 5292 2007 5342 essi
2031 5288 2063 5340 ὲ

246 5376 409 5424 certo
446 5373 737 5428 conforme
769 5376 827 5428 al
864 5391 1020 5429 vero.
1097 5378 1284 5428 Esiste
1320 5374 1520 5428 infatti
1567 5391 1684 5427 una
1730 5376 1931 5427 lettera
1972 5375 2058 5427 di-

247 5461 404 5509 retta
441 5460 531 5510 nel
565 5462 816 5524 genunio
860 5471 992 5526 1405
1032 5473 1068 5511 a
1104 5462 1279 5523 Maso,
1319 5460 1501 5512 allora
1548 5458 1950 5525 goufaioniere
1999 5460 2058 5510 di

170 5559 192 5574 ⁴
247 5546 539 5609 giustizia,
577 5544 651 5595 da
685 5545 919 5613 Filippo
959 5545 1053 5596 dai
1094 5546 1292 5608 Pozzo,
1331 5544 1651 5597 confidente
1688 5544 1748 5594 di
1798 5545 2059 5596 Gabriele

248 5628 459 5691 Maria,
496 5642 598 5696 per
632 5631 1009 5696 presentargli
1061 5644 1137 5680 un
1188 5633 1342 5680 certo
1381 5628 1684 5681 Leonardo
1735 5631 2057 5681 incaricato

249 5711 307 5763 d’
323 5714 677 5779 importante
712 5715 984 5765 missione
1020 5714 1438 5765 nell’interesse
1474 5712 1561 5764 dei
1599 5713 1660 5764 di
1696 5713 1778 5764 lui
1816 5712 2058 5780 Signore

249 5812 283 5847 e
310 5798 375 5850 dl
402 5799 653 5850 Firenze.
704 5800 847 5850 Ecco
871 5800 926 5852 la
948 5800 1180 5851 lettera:
1207 5800 1237 5829 '¹
1256 5800 1557 5867 Magnifice
1582 5814 1854 5866 generose
1878 5800 2056 5851 miles.

250 5880 281 5909 ⁸
306 5884 682 5950 Expectatum
706 5885 858 5935 diem
882 5898 1105 5937 summo
1129 5900 1259 5938 cum
1285 5885 1570 5936 desiderio
1595 5887 1816 5938 venisse
1839 5884 2055 5949 audivi,

253 5966 284 5995 ⁸
301 5970 577 6033 quoniam
615 5970 922 6021 caritatum
958 5972 1018 6022 et
1054 5968 1428 6021 humanitatis
1469 5972 1736 6033 animum,
1765 5984 1930 6037 quem
1953 5970 2056 6023 ha-

2171 4619 2384 4685 “super
2420 4616 2672 4670 dicendis
2711 4619 2872 4687 parte
2911 4617 3027 4668 mel
3064 4616 3493 4683 Magnificeneie
3519 4618 3721 4669 vestre
3744 4620 3973 4684 placeat

2173 4700 2201 4730 ⁸
2218 4701 2387 4752 fidem
2411 4699 2693 4752 credtdam
2718 4700 3004 4753 adhibere.
3076 4699 3264 4761 Quam
3290 4701 3621 4753 Altissimus
3646 4706 3974 4755 conservari

2172 4784 2200 4814 ⁸
2218 4784 2490 4851 dignetur
2541 4784 2847 4836 salubriter
2901 4787 2960 4835 et
3014 4785 3230 4836 votive.
3303 4785 3453 4836 Pisis
3509 4800 3663 4837 nono
3705 4786 3967 4853 Januarii

2170 4867 2197 4894 ⁸
2223 4881 2473 4922 accccv,
2519 4868 2725 4920 Vester
2760 4869 3021 4936 Filippus
3056 4868 3125 4919 de
3163 4869 3346 4920 Puteo
3371 4868 3442 4920 de
3467 4868 3715 4923 Sciciiia.
3756 4865 3831 4934 (Α
3857 4877 3967 4922 ter-

2170 4954 2197 4982 “
2208 4952 2313 5020 go)
2341 4951 2649 5019 Magnifico
2671 4956 2729 5002 et
2752 4954 2980 5017 potenti
3007 4953 3241 5003 domino
3268 4951 3503 5004 domino
3530 4954 3716 5005 Masio
3738 4953 3804 5004 de
3831 4954 3972 5005 Abi·

2169 5038 2198 5067 “
2214 5038 2298 5089 cis
2325 5034 2465 5102 (sie),
2491 5035 2807 5087 vexillifero
2833 5039 2940 5089 etc.
2968 5037 3174 5088 maiori
3201 5037 3539 5089 honorando
3561 5073 3610 5103 „.
3637 5035 3810 5103 (Bibl.
3830 5039 3971 5090 Νη.

2165 5122 2520 5185 Florentius,
2558 5135 2658 5173 ms.
2695 5121 3200 5187 magliabechiano,
3228 5121 3381 5185 vm,
3412 5123 3567 5189 1487,
3594 5124 3814 5174 inserto
3856 5121 3969 5190 ²4)-

2342 5201 2367 5238 ³
2403 5206 2635 5257 Postero
2671 5205 2840 5257 die...
2859 5240 2873 5256 .
2908 5205 3190 5258 tutabatur
3223 5203 3299 5272 (11.
3342 5206 3544 5273 15-18)·,
3567 5204 3643 5258 cf.
3668 5205 3965 5268 Carrom,

2173 5291 2307 5343 1128
2329 5293 2404 5345 D.

2340 5376 2428 5427 La
2462 5377 2717 5427 cacciata
2740 5376 2801 5427 di
2826 5374 3092 5428 Gabriele
3127 5372 3160 5428 δ
3196 5378 3362 5445 posta
3388 5375 3480 5428 dal
3515 5377 3832 5441 Smcmsr,
3870 5378 3971 5430 loc.

2167 5463 2280 5523 cit„
2319 5461 2379 5511 al
2419 5473 2490 5511 20
2520 5459 2696 5528 luglio
2741 5470 2892 5526 1405.
2967 5461 3052 5511 La
3075 5461 3211 5513 data
3236 5461 3326 5512 del
3351 5460 3660 5525 Sercambi,
3695 5461 3788 5513 col
3814 5461 3974 5526 quale

2166 5545 2452 5597 concorda
2480 5545 2660 5597 anche
2684 5544 3007 5596 Sozounxo
3034 5544 3190 5610 (ΗΕ.
3218 5547 3298 5597 ΙΙ.
3319 5546 3446 5608 SS„
3475 5546 3623 5609 XVI,
3650 5545 3808 5611 1185)
3834 5546 3973 5596 deve

2163 5644 2342 5681 essere
2377 5632 2579 5682 esatta.
2652 5630 2681 5680 Ι
2703 5630 3026 5681 Fiorentini
3054 5633 3435 5683 avvertivano
3463 5631 3508 5681 11
3532 5643 3597 5682 22
3622 5631 3795 5699 luglio
3821 5631 3971 5682 Buc-

2160 5713 2380 5765 cicaldo
2408 5712 2861 5782 dell’espulsione
2888 5714 2980 5765 del
3007 5716 3275 5766 Visconti
3311 5713 3373 5781 (S
3388 5715 3408 5764 i
3423 5731 3461 5782 g
3476 5731 3516 5767 n
3532 5729 3611 5766 or
3627 5717 3648 5766 i
3662 5750 3678 5779 ,
3722 5715 3972 5778 Alfi-tsine,

2162 5798 2383 5849 Lettere
2420 5803 2622 5860 osterse
2656 5799 2975 5863 utos-1406,
3010 5813 3060 5849 0.
3104 5798 3246 5868 118).

2338 5880 2365 5915 ⁴
2404 5885 2687 5936 Verum...-
2707 5882 3108 5950 importunum.
3128 5882 3335 5950 18·2s);
3348 5883 3424 5936 cf.
3440 5884 3727 5951 Cmom,
3746 5879 3882 5936 1128
3901 5886 3975 5937 D.

2338 5964 2363 6001 ⁵
2401 5969 2458 6019 A
2483 5969 2720 6021 Firenze
2740 5968 2792 6021 si
2812 5969 2995 6021 decise
3023 5969 3083 6021 di
3109 5970 3436 6037 riprendere
3469 5968 3523 6022 ie
3546 5971 3846 6022 trattative
3869 5983 3970 6036 per

253 6052 282 6079 ‘¹
307 6053 451 6105 betis
475 6055 666 6107 circha
689 6054 956 6106 stabilem
974 6056 1466 6107 conservationem
1493 6055 1648 6124 pacis
1667 6057 1725 6107 et
1747 6054 2051 6107 concordie
2157 6053 2287 6107 Pisa
2316 6054 2357 6104 il
2385 6062 2451 6117 27
2469 6053 2642 6123 luglio
2662 6051 2758 6121 (cf.
2784 6057 3033 6108 consulte
3056 6069 3085 6104 e
3106 6049 3381 6118 Prdtlche,
3402 6055 3480 6107 ad
3499 6070 3708 6119 anum,
3731 6070 3777 6107 c.
3799 6063 3894 6120 152
3908 6053 3974 6124 t)-

4025 4897 4096 4947 40

4027 5321 4093 5376 45

4031 5736 4100 5792 50

4147 1408 4298 1440 .tor

4144 2367 4298 2402 ·108
