4823 7100
384 2089 551 2132 oram
591 2089 679 2130 Gau

434 2143 638 2185 Pisanos

514 3804 559 3836 C.
594 3804 705 3842 62?

869 474 970 551 30
2184 473 2681 551 ΜΑΤΤΗΕῙ
2732 474 3246 553 PALMERJI

1512 629 4228 643 mou-0·--.mmnwuumummmfflffluu”memmae-woo-omeux-no*

1031 737 1272 826 Igitur,
1317 738 1481 828 quia
1526 740 1745 807 fames
1788 740 2035 830 ingens
2080 751 2290 830 atque
2333 741 2818 811 intollerabilis
2861 761 3040 828 pene
3086 741 3241 820 fuit,
3286 758 3428 809 non
3472 739 3838 829 indignum
3883 738 4160 808 videtur
4204 739 4295 808 de
4322 758 4407 805 ea
4435 759 4551 807 ve-

853 842 1122 913 rissima
1166 845 1462 934 quedam
1505 845 1960 934 perscribere.
2050 849 2309 918 Fuerat
2352 860 2542 916 certe
2572 847 2722 917 eins
2751 848 3158 939 magnitudo
3203 847 3380 914 adeo
3408 845 3484 913 in
3530 856 3908 913 extremum
3937 843 4260 925 deducta,
4290 856 4371 913 ut
4412 866 4552 914 non

853 945 1076 1013 solum
1122 946 1456 1037 cuiusque
1500 948 1775 1038 generis
1816 948 2035 1017 herbe
2081 949 2518 1037 radicesque,
2564 969 2804 1017 verum
2848 949 3058 1017 etiam
3105 948 3490 1016 teneriores
3551 967 3827 1036 quoque
3872 945 4194 1014 arborum
4253 946 4551 1014 cortices

854 1047 1169 1137 foliaque
1212 1050 1285 1115 in
1329 1049 1687 1138 pulverem
1731 1052 2017 1119 redacta
2060 1050 2462 1139 prebuerint
2507 1052 2843 1119 exurienti
2886 1050 3148 1139 populo
3193 1069 3482 1138 panem;
3530 1068 3743 1138 equos
3803 1061 4119 1137 preterea
4178 1060 4551 1137 ceteraque

852 1149 1161 1219 iumenta
1202 1153 1689 1241 horrendaque
1734 1153 2038 1221 humano
2082 1154 2299 1221 victui
2342 1153 2675 1221 animalia
2715 1174 2934 1242 usque
2979 1154 3074 1220 ad
3117 1151 3442 1220 sordidos
3488 1151 3935 1219 comederant
3977 1172 4206 1218 mures
4243 1163 4335 1231 et,
4367 1151 4554 1239 quod
4635 1150 4668 1216 5

853 1252 1199 1320 nefarium
1247 1265 1430 1322 esset
1471 1256 1599 1321 sed
1644 1267 1873 1323 tamen
1918 1255 2206 1324 historie
2253 1255 2409 1346 lege
2453 1254 2847 1323 meminisse
2896 1255 3079 1334 licet,
3125 1274 3252 1342 pro
3286 1264 3480 1321 certo
3510 1253 3815 1321 creditur
3859 1253 4227 1322 nonnullos
4255 1256 4556 1320 humana

851 1354 1161 1422 membra
1204 1376 1461 1435 eorum,
1507 1358 1627 1446 qui
1672 1358 1860 1425 fame
1904 1357 2280 1445 perierant,
2305 1357 2612 1448 glutisse.
2704 1356 3257 1448 ingredientibus
3300 1355 3541 1423 urbem
3587 1355 3858 1433 nostris,
3891 1366 4319 1442 compertum
4347 1366 4458 1424 est
4486 1366 4554 1421 et

857 1456 1171 1525 omnibus
1214 1457 1640 1545 publicatum
1684 1459 1965 1531 Priores
2008 1458 2309 1527 civitatis
2341 1478 2432 1528 ex
2463 1459 2582 1526 lini
2613 1460 2875 1527 semine
2908 1460 3234 1527 confecto
3266 1478 3449 1544 pane
3480 1477 3610 1545 pro
3656 1456 3819 1525 cibo
3864 1457 3986 1537 uti,
4015 1479 4149 1524 nec
4182 1457 4553 1546 quicquam

852 1558 1135 1626 humani
1181 1558 1320 1628 cibi
1361 1560 1714 1629 inventum
1759 1573 1863 1628 est
1907 1581 2265 1650 superesse
2307 1573 2541 1650 preter
2584 1573 2724 1630 tres
2769 1560 3218 1630 macerrimas
3264 1580 3516 1629 vaccas
3560 1581 3938 1649 parumque
3982 1561 4294 1639 zuchari3
4350 1579 4556 1627 omne

852 1663 1190 1753 reliquum
1233 1666 1512 1755 penitus
1560 1690 1829 1735 erasum
1874 1681 2081 1757 atque
2127 1680 2604 1757 consumptum
2649 1669 2879 1736 fuerat
2905 1668 2948 1734 ¹.
4605 1667 4675 1732 10

1028 1772 1468 1861 Compositis,
1510 1786 1589 1842 ut
1632 1774 1965 1855 diximus·
2013 1775 2240 1856 rebus,
2272 1775 2547 1862 trepida
2575 1775 2780 1843 etiam
2812 1785 2978 1841 tunc
3011 1774 3257 1842 civitas
3287 1773 3661 1842 mirabatur
3689 1774 3866 1841 nihil
3896 1774 4057 1841 mali
4087 1786 4558 1862 perpetratum

852 1878 1097 1957 fuisse3
1144 1879 1356 1969 idque
1400 1903 1490 1949 ex
1533 1881 1821 1950 consilio
1868 1883 2137 1950 factum
2180 1903 2329 1950 esse
2375 1881 2779 1964 credebant,
2826 1895 2921 1962 ut,
2953 1882 3220 1970 repleta
3253 1880 3565 1949 hostibus
3607 1882 3805 1962 urbe,
3852 1880 4059 1950 tutius
4088 1882 4306 1949 maior
4331 1880 4559 1968 preda

856 1987 1073 2053 fieret.
1161 1984 1281 2054 Ad
1323 1986 1769 2075 suspitionem
1814 1989 2023 2079 igitur
2067 1989 2447 2056 tollendam
2495 1989 3135 2077 confirmandosque
3182 1989 3468 2069 animos,
3515 1988 3918 2056 convocatis
3961 1987 4414 2056 nobilioribus
4462 1986 4560 2054 ci·

684 2088 705 2130 ”
741 2090 805 2132 ‘⁴
846 2090 1047 2159 vibus
1089 2093 1695 2183 popularibusque,
1745 2095 1965 2163 Ginus
2006 2096 2400 2162 huiusmodi
2447 2094 2660 2163 verba
2704 2095 2877 2162 fecit
2900 2094 2963 2161 ἐ
3012 2093 3263 2162 Omnia
3307 2114 3745 2184 quecumque
3792 2095 4013 2162 voluit
4058 2095 4230 2162 fecit
4257 2095 4456 2161 Deus
4486 2093 4561 2158 in

855 2198 1007 2266 celo
1052 2211 1122 2265 et
1168 2199 1242 2265 in
1288 2211 1495 2281 terra,
1541 2220 1675 2268 nec
1721 2214 2029 2270 nostrum
2075 2213 2180 2269 est
2222 2201 2403 2268 scire
2452 2222 2576 2269 cur
2618 2203 2809 2269 Deus
2837 2201 3167 2279 voluerit3
3205 2201 3503 2269 effectus
3540 2213 3772 2269 tamen
3804 2221 4298 2288 nonnunquam
4346 2220 4564 2268 even-
4613 2200 4679 2265 15

856 2317 1102 2393 tusque
1147 2307 1649 2395 cognoscimus.
1739 2309 1849 2375 Ex
1892 2308 2082 2376 facto
2128 2308 2343 2398 igitur
2372 2328 2514 2376 non
2544 2309 2884 2376 incertum
2913 2306 3249 2376 habemus
3276 2307 3501 2374 Deum
3530 2308 3965 2375 florentinum
3993 2307 4331 2396 populum
4359 2306 4565 2375 Pisas

852 2406 1136 2476 vincere
1180 2409 1479 2476 voluisse
1496 2434 1518 2487 3
1566 2411 1778 2499 quod,
1823 2422 2050 2478 utrum
2095 2409 2405 2497 peccatis
2449 2410 2689 2477 vestris
2737 2430 2826 2475 an
2872 2409 3136 2478 meritis
3180 2410 3427 2476 nostris
3470 2409 3737 2476 factum
3783 2410 3891 2489 sit,
3936 2410 4312 2477 nescimus:
4366 2409 4565 2475 Deus

853 2514 1008 2603 ipse
1051 2514 1201 2582 scit.
1292 2515 1440 2583 Vos
1486 2515 1928 2583 nihilominus
1970 2537 2111 2583 una
2153 2514 2512 2585 nobiscum
2559 2515 2948 2605 intelligere
3007 2527 3077 2582 et
3135 2515 3316 2583 scire
3366 2514 3633 2583 debetis
3679 2514 3997 2583 civilibus
4041 2515 4417 2606 discordiis
4479 2535 4566 2582 eo

859 2619 1196 2687 deductas
1240 2638 1352 2685 res
1396 2630 1663 2685 vestras
1705 2619 1942 2699 fuisse,
1987 2629 2085 2697 ut,
2131 2618 2528 2689 tenentibus
2561 2617 2792 2685 adhuc
2822 2617 3063 2685 urbem
3094 2617 3291 2684 vobis
3338 2629 3410 2685 et
3439 2637 3581 2685 non
3614 2618 3970 2685 diminutis
3999 2616 4258 2686 viribus
4287 2618 4565 2698 nostris,

856 2724 1183 2792 continuo
1228 2744 1354 2792 vos
1398 2743 1723 2812 superare
1750 2723 2167 2793 valeremus.
2257 2723 2608 2804 Attamen,
2639 2735 3006 2813 postquam
3042 2725 3195 2791 Deo
3226 2723 3490 2811 placuit
3519 2744 3646 2791 nos
3690 2723 3935 2792 urbem
3981 2736 4279 2791 vestram
4314 2723 4568 2812 adqui·
4608 2726 4686 2790 20

543 2875 644 2916 αι,
678 2863 757 2906 190
853 2826 1126 2908 sivisse,'
1176 2828 1455 2896 omnino
1501 2828 1938 2909 intendimus,
1986 2829 2176 2918 quod
2221 2828 2638 2917 adquisitum
2685 2840 2789 2895 est
2834 2829 3158 2896 retinere.
3247 2828 3622 2897 Honestius
3666 2848 3874 2916 porro
3921 2829 4161 2896 fuisset
4205 2849 4349 2895 non
4372 2835 4386 2863 '
4439 2831 4566 2897 ad·

855 2935 1229 3023 quisivisse,
1276 2956 1483 3022 quam
1527 2936 1942 3024 adquisitum
1991 2954 2150 3002 cum
2194 2936 2546 3003 dedecore
2609 2934 2942 3004 amittere.
3039 2934 3299 3002 Moneo
3359 2935 3572 3025 igitur
3634 2934 4096 3024 obtestorque,
4156 2956 4247 3003 ne
4305 2935 4570 3003 malitis

854 3052 1125 3108 vosmet
1165 3041 1354 3129 ipsos
1395 3041 1744 3129 perditum
1788 3042 1895 3120 iri,
1944 3062 2152 3130 quam
2197 3041 2424 3108 salvos
2469 3061 2642 3108 esse.
2732 3041 2916 3110 Nam
2963 3041 3333 3130 quicquam
3379 3053 3485 3108 sat
3545 3041 3678 3109 erit
3736 3040 4052 3130 supplicii
4117 3041 4572 3130 querentibus

856 3155 1097 3210 contra
1141 3154 1371 3211 nostre
1413 3143 1798 3230 reipublice
1841 3144 2290 3223 maiestatem,
2337 3163 2474 3210 nec
2519 3144 2893 3234 quicquam
2937 3141 3136 3210 vobis
3183 3162 3342 3210 cum
3386 3142 3641 3209 iniuria
3684 3143 3949 3210 factum
3995 3164 4146 3210 esse
4204 3144 4570 3230 putabitis,

855 3248 913 3316 si
957 3260 1194 3316 vetera
1238 3247 1596 3316 nobiscum
1642 3262 1957 3337 repetere
1986 3248 2229 3328 vultis3
2277 3269 2550 3336 semper
2594 3248 2873 3338 quidem
2917 3249 3277 3316 invenietis
3321 3248 3618 3316 maiores
3660 3260 3925 3315 vestros
3970 3249 4280 3317 diversas
4318 3263 4573 3316 contra
4614 3248 4690 3314 25

853 3354 1096 3423 urbem
1142 3368 1446 3423 nostram
1489 3368 1725 3443 partes
1768 3367 2042 3424 secutos
2084 3355 2319 3423 fuisse.
2409 3354 2658 3421 Primis
2702 3354 2838 3420 illis
2883 3353 3306 3441 temporibus
3337 3365 3495 3441 post
3522 3353 4060 3422 declinationem
4092 3356 4397 3424 Romani
4432 3357 4573 3422 Im-

852 3461 1055 3553 perij,
1087 3454 1244 3530 cum
1277 3460 1572 3528 barbare
1615 3462 1928 3528 nationes
1956 3482 2085 3549 per
2114 3461 2382 3528 Italiam
2416 3459 2999 3539 debaccabantur,
3030 3460 3364 3528 memorie
3391 3461 3741 3549 proditum
3789 3473 3892 3527 est
3923 3461 4249 3528 continue
4277 3460 4577 3529 Pisanos

855 3576 1100 3632 contra
1144 3564 1579 3634 Florentinos
1624 3564 1937 3631 sensisse.
2028 3564 2403 3631 Iustiniano
2467 3564 2656 3650 apud
2715 3562 3386 3650 Constantinopolim
3447 3563 3853 3651 imperante,
3917 3564 4128 3632 Gothi
4192 3563 4574 3632 ecclesiam

855 3684 1212 3734 romanam
1256 3678 1771 3754 persequentes,
1821 3678 2073 3732 cuncta
2115 3687 2244 3753 per
2291 3666 2557 3733 Italiam
2600 3664 2954 3733 vexabant
2961 3691 2982 3744 3
3032 3685 3117 3731 eo
3165 3677 3330 3732 tunc
3375 3664 3559 3733 bello
3610 3677 3881 3733 constat
3938 3665 4228 3733 Pisanos
4289 3666 4573 3733 Gothos

854 3784 1134 3841 secutos
1175 3773 1412 3852 fuisse,
1459 3772 1901 3841 Florentinos
1942 3793 2072 3859 pro
2118 3772 2428 3840 romana·
2476 3772 2771 3840 ecclesia
2813 3792 3196 3860 pugnasse3
3246 3784 3670 3861 quapropter
3715 3774 3980 3840 factum
4027 3784 4152 3852 est,
4196 3784 4294 3852 ut,
4351 3786 4570 3861 capta
4610 3774 4686 3838 30

855 3879 1111 3946 deinde
1156 3901 1199 3945 a
1241 3878 1498 3959 Totila,
1543 3877 1901 3946 sevissimo
1947 3878 2332 3947 Gothorum
2374 3898 2565 3968 rege,
2611 3879 2845 3947 Roma
2887 3890 3099 3967 atque
3145 3878 3420 3965 direpta
3463 3890 3534 3945 et
3576 3879 3729 3946 sine
3758 3878 3903 3946 ullo
3933 3878 4324 3947 habitatore
4355 3878 4571 3946 dere-

856 3983 1039 4064 licta,
1083 3985 1234 4072 pari
1281 4005 1558 4074 quoque
1602 4005 1784 4071 pene
1828 3984 2107 4052 feritate
2151 3984 2222 4051 in
2265 3984 2705 4053 Florentinos
2765 3985 2953 4052 idem
3013 3984 3220 4051 etiam
3281 3984 3531 4054 seviret
3552 3982 3599 4053 ³.
3688 3984 4019 4053 Liberata
4062 3984 4344 4052 tandem
4403 3997 4572 4072 post

1036 4198 1081 4235 1.
1129 4183 1321 4252 abque]
1362 4184 1434 4236 R.
1470 4187 1527 4236 et
1562 4208 1587 4221 -
1636 4181 2068 4249 intollerabilis]
2118 4182 2179 4234 S.
2215 4181 2630 4243 intolerabilem
2687 4181 2745 4234 V.
2773 4181 2845 4234 R.
2872 4184 2956 4234 Μ.
3002 4181 3384 4234 intolerabilis
3432 4206 3453 4221 ·
3506 4179 3670 4252 pene]
3710 4184 3783 4234 R.
3833 4196 4010 4251 prope
4055 4209 4123 4221 —
4164 4197 4217 4249 3.
4265 4180 4572 4249 cuiusque]

855 4267 914 4320 S.
934 4266 1112 4319 ΚΜ
1148 4268 1530 4336 cuiuscunque
1565 4293 1589 4306 -
1626 4264 1869 4334 quoque]
1908 4268 1980 4317 R.
2007 4269 2090 4319 Μ.
2128 4281 2279 4319 oum.
2320 4293 2384 4302 —
2424 4281 2476 4332 4.
2504 4264 2810 4334 pulverem]
2847 4267 2919 4317 R.
2947 4265 3269 4334 puulverem
3308 4291 3332 4304 ·
3370 4265 3620 4332 redacta]
3663 4267 3733 4318 R.
3770 4267 4002 4319 reducta
4036 4291 4062 4305 ·
4098 4265 4407 4333 esurienti]
4438 4269 4480 4317 Ι.
4517 4266 4571 4319 V·

852 4353 922 4403 P.
942 4353 1025 4404 Μ.
1062 4351 1337 4404 esurienti
1372 4379 1439 4390 —
1481 4361 1533 4417 s.
1582 4348 1966 4416 comederant]
2011 4352 2070 4402 C.
2107 4350 2594 4411 commenderant3
2634 4352 2707 4402 R.
2727 4353 2813 4402 M.
2852 4350 3209 4401 comederent
3244 4378 3312 4388 —
3349 4347 3401 4401 6.
3427 4348 3731 4416 nefarium]
3774 4350 3838 4401 0.
3878 4350 4210 4420 nepharium
4248 4375 4272 4388 ·
4307 4347 4487 4415 esset]
4513 4348 4572 4400 S.

852 4437 940 4487 est
975 4461 998 4473 -
1030 4434 1292 4502 historie]
1328 4436 1389 4487 in
1426 4438 1510 4489 Μ.
1545 4434 1884 4503 alege-ihil«,-
1906 4436 1962 4485 s’l
1979 4435 2139 4487 Mun.
2163 4434 2373 4486 sonitui
2406 4435 2504 4487 hie
2542 4459 2609 4471 —
2646 4444 2699 4501 7.
2725 4431 2962 4498 nostris]
3003 4435 3060 4486 V.
3079 4435 3148 4485 P.
3175 4433 3344 4485 nobis
3369 4459 3437 4471 —
3465 4447 3517 4499 9.
3541 4433 3795 4502 zuchari]
3824 4435 3890 4485 0.
3925 4434 4167 4496 tucher-13
4206 4435 4276 4484 P.
4299 4433 4572 4486 zucchari

759 4527 790 4583 s
856 4531 938 4569 11.
976 4516 1150 4583 nihil]
1188 4520 1226 4569 I.
1264 4519 1444 4570 nichil
1482 4541 1549 4557 —·
1592 4531 1676 4570 12.
1712 4517 1907 4584 fuisse]
1945 4517 2020 4568 R.
2057 4532 2176 4569 esse
2211 4544 2278 4555 —
2322 4531 2403 4585 13.
2442 4515 2837 4588 suspitionem]
2877 4516 2936 4568 S.
2972 4517 3029 4568 V.
3052 4518 3118 4567 P.
3143 4516 3318 4568 R.M.
3344 4518 3723 4587 suspicionem
3759 4544 3826 4555 —
3870 4532 3952 4584 ¹4·
3975 4516 4326 4583 huiusmodi]
4368 4516 4430 4567 S.
4469 4519 4572 4569 hec

853 4629 879 4644 ·
915 4602 1084 4655 fecitx
1119 4602 1350 4670 Omnia]
1375 4604 1433 4654 in
1464 4606 1523 4657 C.
1545 4604 1659 4673 fra
1679 4601 1817 4655 fecit
1839 4604 1910 4654 ed
1938 4602 2131 4654 omnia
2164 4617 2267 4654 uno
2301 4604 2519 4669 φαίη
2561 4604 2620 4655 C.
2645 4621 2675 4655 e
2708 4604 2747 4653 l.
2785 4604 2956 4654 hmo
2992 4601 3266 4654 l‘r‘nsieiale
3301 4603 3364 4653 ds·
3394 4605 3586 4653 omnia
3621 4603 3679 4653 in
3714 4616 3860 4653 rosso
3895 4627 3921 4640 ·
3953 4599 4164 4666 voluit]
4221 4602 4278 4653 V.
4314 4601 4575 4654 voluerit

855 4715 922 4725 -
965 4684 1047 4738 16.
1098 4685 1395 4755 populum]
1430 4689 1663 4755 rimo
1699 4687 1799 4737 due
1833 4689 1982 4739 volte
2017 4688 2074 4738 in
2112 4686 2184 4738 R.
2225 4715 2289 4724 —
2335 4698 2417 4753 17.
2456 4684 2633 4754 quod]
2687 4687 2743 4738 V.
2779 4686 2932 4754 quod
2968 4701 3162 4737 verum
3210 4714 3278 4724 -
3322 4687 3401 4739 18.
3441 4684 3839 4752 nihilominus]
3876 4688 3916 4736 1.
3937 4687 4007 4737 L.
4045 4684 4462 4737 nichilominus
4498 4712 4565 4723 —

860 4785 944 4838 19.
983 4769 1222 4836 vestras]
1277 4771 1333 4821 V.
1360 4774 1549 4824 vestra
1584 4795 1608 4809 ·
1644 4769 1851 4837 adhuc]
1906 4770 1966 4822 V.
2000 4770 2186 4823 aduhc
2224 4799 2291 4809 —
2329 4783 2417 4821 2ο.
2453 4767 2582 4834 vos]
2620 4770 2689 4821 L.
2726 4785 2878 4821 ouem.
2917 4796 2940 4808 -
2990 4767 3274 4835 superare]
3328 4770 3385 4820 V.
3422 4772 3675 4837 superari
3712 4793 3736 4806 -
3759 4766 4083 4835 postquam]
4125 4766 4195 4818 R.
4216 4770 4300 4820 Μ.
4344 4770 4572 4837 postea·

853 4869 1020 4922 quam
1045 4884 1111 4894 —
1140 4867 1418 4905 2οο21-22.
1454 4854 1845 4921 adquisivisse,
1881 4853 2249 4921 adquisitum]
2291 4851 2410 4907 Cos>
2448 4855 2518 4906 L.
2544 4872 2573 4906 e
2611 4856 2670 4906 C·
2697 4856 2787 4906 che
2821 4854 3300 4922 originariamm
3324 4869 3503 4907 aveva
3532 4853 3899 4921 acquisivisse
3935 4869 3965 4903 e
3988 4852 4327 4919 acquisitum
4354 4849 4579 4916 (lerini

724 4951 789 4988 10
848 4938 911 4989 de·
941 4938 1183 5005 ταθεῖς’
1214 4939 1358 4990 altri
1387 4936 1559 5002 codd.)
1594 4938 1819 4990 correi&
1838 4938 1944 5003 poi
1960 4938 2020 4988 in
2054 4937 2432 5003 adquisivisse
2465 4953 2493 4987 e
2530 4937 2875 5004 adquisitum
2914 4968 2981 4977 —-
3020 4950 3105 4988 22.
3131 4936 3283 5004 cum]
3324 4943 3537 5005 assunto
3559 4938 3619 4988 in
3643 4936 3736 5001 S.,·
3759 4937 3833 4987 R.
3872 4938 3956 4988 Μ.
3982 4951 4129 4988 oum.
4169 4960 4194 4973 -
4215 4933 4506 5001 amittere]
4531 4937 4571 4986 t.

851 5022 1144 5082 amietere3
1183 5023 1254 5072 L.
1280 5022 1601 5074 ammictere
1637 5045 1661 5058 -
1697 5019 2078 5088 obtestorque]
2104 5023 2172 5072 P.
2198 5023 2259 5072 et
2281 5022 2534 5073 obtestor
2569 5048 2635 5058 —
2676 5034 2760 5086 23.
2799 5020 2953 5088 nam]
2984 5021 3054 5072 R.
3075 5024 3159 5073 M.
3185 5036 3318 5073 nam
3354 5036 3456 5073 nec
3490 5047 3514 5060 ·
3548 5021 3949 5089 quicquum...
3975 5016 4264 5089 supplieij]
4305 5017 4382 5068 R.
4407 5018 4572 5086 quid-

853 5104 1109 5171 quod....
1135 5103 1406 5173 supplieij
1431 5131 1498 5141 —
1526 5114 1613 5171 24.
1639 5104 1804 5155 vobis
1827 5118 1952 5155 cum
1989 5102 2225 5170 iniuria]
2251 5103 2311 5155 S.
2347 5104 2639 5155 vobiscum
2680 5104 2892 5157 iniuria
2927 5132 2993 5142 -—
3032 5115 3118 5169 25.
3143 5103 3464 5171 nobiscum]
3493 5103 3566 5155 R.
3592 5117 3780 5166 omna,
3804 5105 3889 5156 Μ.
3917 5103 4208 5155 vobiscum
4244 5127 4314 5139 —
4355 5101 4442 5153 26.
4469 5117 4573 5154 no·

850 5185 1057 5254 stram]
1077 5188 1149 5238 R.
1176 5204 1326 5241 m.
1354 5213 1378 5226 ·
1413 5185 1659 5253 secutos]
1708 5189 1771 5239 0.
1798 5190 2062 5255 sequutos
2096 5213 2120 5225 -
2155 5185 2389 5253 Primis]
2438 5188 2502 5238 O.
2541 5186 2766 5239 PrImus
2801 5213 2869 5226 —
2907 5186 3094 5252 26-27.
3130 5188 3378 5241 Romani
3413 5186 3665 5257 Imperii]
3717 5189 3777 5240 V.
3812 5186 4040 5254 Imperi]
4076 5185 4323 5238 Romani
4366 5214 4435 5225 —
4476 5193 4563 5251 ²7·

854 5268 1331 5337 debaccabantur]
1385 5272 1444 5323 V.
1464 5272 1547 5322 Μ.
1586 5269 2111 5333 debacchabantur3
2160 5272 2230 5321 L.
2257 5272 2325 5321 P.
2366 5270 2807 5323 debaccarentur
2843 5300 2909 5310 —
2949 5271 3034 5324 28.
3073 5269 3661 5341 Constantinopolim]
3712 5269 3785 5322 R.
3811 5271 3896 5322 Μ.
3935 5270 4468 5337 Costantinopolim
4502 5297 4569 5308 —

739 5366 800 5421 15
864 5356 1047 5421 28·29.
1082 5355 1373 5407 eeclesiam
1408 5353 1723 5421 romanam]
1763 5356 1803 5405 I.
1840 5369 2130 5407 romanam
2164 5355 2459 5408 ecelesiam
2495 5382 2563 5392 -
2603 5367 2687 5421 29.
2724 5353 3031 5421 vexabant]
3070 5355 3140 5406 R.
3163 5357 3245 5407 Μ.
3283 5356 3590 5408 vastabant
3616 5383 3682 5394 —-
3719 5368 3807 5422 30.
3832 5352 4075 5421 secutos]
4116 5354 4190 5406 Ο.
4207 5357 4480 5421 sequutus
4504 5382 4570 5391 —

856 5453 942 5507 31.
979 5454 1016 5491 a
1050 5436 1273 5504 Totila]
1309 5441 1374 5490 O.
1413 5439 1673 5503 atotilia3
1725 5440 1886 5492 anche
1917 5440 1976 5491 in
2018 5440 2077 5492 C.
2114 5438 2322 5493 atotssa
2347 5469 2414 5479 -
2440 5452 2626 5506 31-32.
2653 5437 2944 5506 derelicta]
2982 5438 3037 5489 in
3078 5439 3126 5491 C
3157 5456 3218 5490 su
3242 5441 3443 5503 Ιέέκνας
3467 5442 3552 5492 Μ.
3591 5442 3678 5493 est
3713 5439 4013 5501 derelicta3
4051 5436 4121 5489 R.
4146 5440 4236 5490 est
4271 5437 4480 5491 relicta
4503 5462 4569 5475 —

858 5535 944 5590 32.
980 5537 1204 5590 quoque
1238 5520 1401 5592 pene]
1455 5524 1512 5575 V.
1548 5537 1692 5588 pene
1728 5537 1945 5591 quoque
1980 5550 2005 5563 -
2045 5522 2212 5592 idem]
2250 5522 2449 5575 deinde
2483 5523 2630 5576 idem

1033 5660 1050 5696 ¹
1093 5665 1376 5730 Postquam
1392 5699 1429 5718 ..
1446 5698 1488 5716 ..
1500 5664 1707 5733 suerat
1723 5663 1814 5732 (da
1832 5680 1890 5732 p.
1910 5677 1995 5734 29,
2015 5665 2052 5716 l.
2080 5677 2148 5731 29
2171 5679 2207 5716 a
2230 5680 2287 5732 p.
2308 5678 2395 5733 30,
2421 5666 2458 5717 l.
2490 5663 2577 5730 ro)
2601 5663 2672 5716 cf.
2779 5660 2927 5717 delta
2963 5666 3253 5732 reciproca
3288 5664 3439 5731 (Cat.
3476 5663 3586 5731 22).

859 5747 1150 5812 curem,
1194 5762 1328 5814 1141
1353 5750 1399 5800 E
1437 5763 1474 5800 a
1515 5761 1650 5814 1142
1674 5749 1745 5801 A.
1818 5749 1865 5802 11
1900 5750 2241 5819 particolare
2278 5749 2369 5801 dei
2403 5750 2670 5801 cadaveri
2953 5744 2978 5781 ¹
3032 5749 3471 5814 Compasium...
3516 5750 3666 5820 sect?
3722 5747 3821 5814 (11.
3890 5747 4088 5817 11·14)
4147 5747 4218 5800 cf.
4282 5747 4575 5808 Carrom,

737 5837 806 5876 ²0
858 5830 1109 5884 divor-ati
1142 5829 1205 5883 fu
1240 5829 1394 5884 forse
1429 5832 1707 5901 aggiunto
1746 5834 1838 5884 dal
1862 5834 2161 5885 Panum
2195 5848 2294 5899 per
2330 5831 2536 5885 render
2569 5829 2668 5901 piu
2783 5845 2806 5882 1
2822 5845 2917 5898 142
2947 5835 3018 5885 D.
4628 5829 4685 5882 ²5

857 5915 1074 5968 efficace
1096 5916 1152 5967 la
1176 5915 1544 5981 descrizione,
1569 5931 1728 5969 come
1751 5916 1811 5970 fa
1834 5917 2105 5971 Sallustio
2128 5917 2405 5985 parlando
2428 5917 2516 5970 del
2541 5930 2666 5969 san·
2951 5912 2976 5950 ³
2999 5919 3089 5969 De
3123 5917 3461 5985 Ten-poribus
3484 5917 3557 5969 ad
3581 5932 3632 5970 a.
3661 5917 3796 5985 548:
3837 5916 3867 5946 ‘¹
3884 5916 4125 5970 Tot-ilas.
4141 5954 4156 5970 .
4172 5949 4217 5970 ..
4241 5916 4437 5969 urbem
4461 5918 4573 5969 Ro·

860 6013 968 6070 gue
1002 6000 1217 6053 beruto
1265 5999 1360 6054 dal
1407 6001 1732 6070 congiurati
1782 6000 1844 6054 di
1884 6000 2135 6056 Catilina
2169 6003 2259 6053 nel
2292 6003 2545 6070 giurarsi
2580 6000 2665 6053 fe·
2773 6001 2803 6031 “
2825 6016 2971 6053 mam
2996 6000 3220 6054 infense
3243 6004 3529 6073 ingressus
3554 6016 3677 6055 eam
3702 6001 3942 6072 diripuit
3976 6002 4342 6068 incenditque
4369 6006 4426 6054 et
4447 6016 4573 6069 par·
