4823 7100
534 1732 687 1771 ικφν

414 2468 567 2511 Mon..
606 2469 678 2514 171

861 481 901 548 8
2180 482 2575 557 MATTH
2585 486 2677 555 EI
2741 483 3254 558 PALMERII

2258 640 2383 647 -m-

848 756 914 810 et
962 745 1205 812 vestris
1245 745 1562 812 omnibus
1608 746 1762 812 fore
1809 746 2242 835 gratissimas
2333 747 2632 826 Priores,
2677 748 2776 813 uti
2823 770 2908 814 ea
2953 748 3190 814 litteris
3237 769 3576 834 accepere
3625 761 3715 826 et,
3751 748 3917 835 quid
3948 761 4127 815 esset
4157 747 4444 836 negotij‚
4481 745 4564 813 ab

853 850 1115 929 amicis,
1161 851 1276 937 qui
1322 849 1730 917 Buccicaldi
1773 865 2074 917 mentem
2121 851 2470 932 tenebant,
2520 866 3012 941 cognoverunt,
3043 874 3419 939 paucorum
3451 853 3704 919 civium
3752 852 4041 921 consilio
4092 853 4345 920 Ginum
4381 852 4564 937 Cap-

844 957 1133 1040 ponium
1181 957 1517 1038 Genuam,
1566 957 1775 1024 veluti
1834 957 2120 1044 propria
2166 971 2560 1025 curaturum
2619 960 2918 1047 negotia,
2982 959 3339 1026 celerrime
3402 959 3717 1026 mittunt¹
3780 960 4267 1047 mandantque,
4313 971 4390 1025 ut
4435 980 4562 1045 per

848 1060 1293 1130 Alderottum
1339 1085 1473 1151 que
1520 1065 1655 1131 sint
1700 1066 1978 1152 agenda
2024 1079 2424 1154 cognoscat,
2471 1066 2966 1133 Buccicaldum
3013 1067 3267 1133 deinde
3317 1079 3405 1146 et,
3437 1067 3494 1132 si
3538 1068 3609 1131 in
3653 1089 3729 1132 re
3776 1067 4122 1133 videbitur
4170 1087 4341 1145 esse,
4375 1065 4563 1131 Pon-

847 1169 1101 1234 tificem
1149 1191 1422 1258 quoque
1471 1173 1678 1239 adeat
1696 1196 1716 1249 3
1765 1184 1855 1250 et,
1904 1172 1962 1237 si
2007 1173 2095 1238 de
2154 1172 2495 1239 tradenda
2538 1172 2709 1239 urbe
2754 1173 2995 1259 pisana
3053 1173 3417 1239 florentino
3471 1174 3729 1260 populo
3776 1173 3991 1239 verba
4051 1174 4308 1251 forent,
4357 1194 4561 1259 quam

855 1275 1154 1343 habeant
1186 1278 1505 1344 tradendi
1534 1290 1947 1364 potestatem
1983 1290 2052 1344 et
2086 1278 2251 1366 quid
2281 1279 2496 1345 velint
2525 1278 2861 1367 intelligat
2889 1292 3273 1366 cunctaque
3305 1281 3616 1346 nuntiare
3648 1280 3946 1347 festinet.
3997 1281 4216 1346 Ginus
4237 1280 4562 1345 mandata

856 1383 1220 1471 diligenter
1267 1405 1517 1452 curans
1561 1386 1653 1451 ad
1696 1384 2194 1452 Buccicaldum
2240 1387 2452 1464 venit,
2501 1385 2638 1472 qui,
2686 1406 2998 1452 sermone
3048 1398 3222 1473 pu‘ro
3285 1387 3508 1453 statim
3563 1387 3926 1473 ingressus,
3972 1409 4118 1454 rem
4168 1399 4561 1453 curaturum

846 1512 919 1557 se
966 1493 1121 1558 fore
1170 1491 1360 1571 dixit,
1392 1503 1468 1559 ut
1512 1492 1584 1556 in
1629 1492 1686 1557 F
1689 1492 2179 1557 lorentinorum
2223 1514 2465 1558 manus
2509 1492 2668 1558 Pise
2717 1493 3141 1572 devenirent,
3176 1493 3233 1560 si
3265 1493 3582 1559 collaturi
3615 1505 3871 1559 tantam
3904 1505 4132 1559 essent
4176 1494 4233 1559 F
4238 1490 4561 1557 lorentini

847 1598 1235 1684 pecuniam,
1283 1611 1606 1685 quantam
1651 1610 1838 1664 tante
1884 1598 2037 1664 urbi
2100 1619 2350 1685 equam
2416 1621 2562 1665 esse
2631 1600 3100 1666 convenirent.
3192 1602 3299 1665 De
3362 1600 3737 1687 quantitate
3799 1600 4255 1687 interrogatus
4315 1611 4563 1685 quater

849 1705 1042 1769 milia
1089 1716 1363 1770 centum
1409 1724 1768 1770 numorum
1814 1705 1960 1770 auri
2006 1706 2394 1790 postulavit,
2446 1726 2733 1791 quorum
2782 1719 3046 1792 partem
3097 1706 3406 1773 Gabrieli
3450 1705 3704 1773 Marie'
3753 1707 4100 1772 civitatem
4146 1705 4410 1772 tenenti
4439 1705 4559 1770 tri·
4608 1706 4670 1769 10

842 1810 1119 1888 buebat‚
1167 1811 1502 1896 reliquum
1550 1810 1620 1876 in
1665 1810 2037 1877 subsidium
2081 1811 2386 1897 patavini
2434 1812 2767 1899 principis
2816 1813 3246 1880 conferebat.
3342 1812 3702 1889 Querebat
3753 1824 4074 1899 preterea
4120 1812 4561 1878 Florentinos

844 1916 1228 1983 Benedicto
1273 1916 1584 2003 pontifici
1629 1938 1979 1983 sacrorum
2039 1917 2506 1983 obedientiam
2570 1930 2901 2004 prestare,
2951 1932 3020 1985 et
3068 1919 3203 1984 alia
3260 1920 3556 2006 quedam
3618 1919 3918 1997 volebat,
3966 1940 4099 2005 que
4145 1918 4560 1986 videbantur

839 2022 1030 2088 factu
1081 2021 1435 2088 levissima.
1528 2024 1982 2111 Interrogavit
2027 2022 2256 2110 itaque
2294 2023 2533 2101 GinuS,
2566 2025 2622 2088 si
2652 2025 2720 2090 in
2758 2025 3006 2091 ceteris
3052 2025 3555 2102 convenissent,
3589 2025 3966 2092 haberetne
3999 2025 4336 2091 tradende
4370 2023 4560 2090 urbis

845 2141 1274 2216 potestatem.
1366 2130 1760 2215 Respondit
1802 2143 2216 2215 potestatem
2261 2150 2402 2196 non
2451 2130 2732 2209 habere,
2779 2131 2905 2197 sed
2947 2131 3377 2218 propediem,
3425 2133 3705 2198 favente
3754 2131 4140 2197 Benedicto
4200 2130 4557 2217 pontifice,

842 2237 1247 2303 habiturum.
1344 2238 1422 2301 In
1468 2235 1698 2301 verbis
1749 2248 1916 2315 erat,
1963 2247 2039 2302 ut
2084 2236 2336 2315 ferunt,
2383 2236 2790 2303 Pontificem
2836 2237 3032 2302 Pisas
3075 2238 3418 2324 proficisci
3468 2251 3536 2303 et
3582 2238 3654 2303 in
3699 2259 3784 2303 ea
3827 2237 3998 2303 urbe
4047 2238 4450 2314 consistere,
4501 2238 4559 2303 si
4609 2236 4668 2302 15

844 2346 914 2409 in
962 2343 1106 2409 eius
1151 2364 1390 2408 manus
1435 2363 1632 2407 arces
1678 2343 2130 2409 traderentur.
2223 2342 2443 2408 Ginus
2487 2344 2766 2410 tandem
2816 2364 2969 2409 cum
3004 2345 3428 2411 Buccicaldo
3465 2346 3790 2411 convenit
3834 2357 3928 2424 ut,
3973 2356 4337 2430 postquam
4367 2343 4560 2409 urbis

842 2451 1163 2518 dedende
1213 2449 1616 2515 facultatem
1661 2462 1905 2515 nactus
1950 2449 2182 2529 fuerit,
2220 2449 2644 2516 Florentiam
2688 2471 2818 2536 per
2860 2449 3297 2518 Alderottum
3345 2452 3704 2537 significet,
3739 2450 3834 2517 et'
3877 2463 4110 2537 speret
4157 2451 4386 2516 omnia
4417 2472 4556 2537 que

833 2559 1303 2644 postulaverat
1346 2554 1684 2642 perfacile
1733 2576 1936 2640 posse
1988 2556 2325 2622 effectum
2388 2556 2670 2622 habere.
2765 2556 2902 2623 Per
2953 2558 3138 2624 hunc
3200 2559 3431 2644 itaque
3479 2558 3758 2624 modum
3804 2558 4154 2644 utriusque
4203 2557 4558 2624 voluntate

834 2664 1347 2749 intentioneque
1394 2663 1677 2740 firmata,
1728 2662 1947 2727 Ginus
1990 2662 2417 2728 Florentiam
2462 2662 2825 2730 revertitur
2852 2664 2895 2729 ².

1014 2772 1195 2835 Dum
1242 2770 1377 2834 hec
1424 2767 1891 2833 tractabantur
1938 2767 2247 2845 Gabriel,
2296 2769 2416 2856 qui
2460 2769 2727 2835 Pisanis
2758 2770 3261 2849 dominabatur,
3297 2791 3729 2859 cognoscens
3776 2771 4188 2837 imbecillam
4235 2772 4554 2837 domina-
4599 2774 4672 2836 20

837 2878 1094 2944 tionem
1139 2889 1377 2942 tenere
1413 2887 1481 2942 et
1514 2896 1630 2940 eas
1675 2875 2083 2961 suspitiones
2126 2887 2474 2960 reputanS,
2525 2898 2698 2963 quas
2729 2877 3214 2944 Buccicaldus'
3265 2890 3334 2944 et
3363 2878 3693 2945 Pontifex
3723 2878 4225 2964 imprimebant,
4262 2879 4450 2963 cepit
4485 2880 4554 2942 in

836 2983 985 3049 dies
1031 2983 1247 3070 magis
1293 2982 1646 3069 magisque
1691 2982 2003 3067 potentie
2052 3004 2171 3047 sue
2222 2982 2533 3048 diffidere
2568 2995 2638 3049 et
2666 2984 2949 3069 proprie
2996 2984 3193 3050 saluti
3230 2986 3608 3052 consulere.
3703 2984 3848 3050 Sed
3895 2985 4073 3050 adeo
4108 2996 4211 3049 est
4240 2985 4312 3048 in
4345 2984 4556 3050 rebus

838 3090 1151 3155 humanis
1196 3089 1385 3154 varia
1429 3100 1637 3174 atque
1684 3089 1953 3154 incerta
1997 3089 2296 3167 fortuna,
2344 3100 2440 3168 ut,
2488 3090 2671 3155 unde
2718 3090 3024 3176 presidia
3070 3090 3426 3177 querebat,
3474 3090 3637 3159 inde
3683 3091 3878 3157 ruina
3923 3092 4322 3177 provenerit
4346 3089 4392 3157 ³.

1003 3197 1205 3263 Tunc
1253 3195 1458 3282 igitur
1504 3194 1801 3280 primum
1850 3194 1940 3260 ad
1988 3194 2429 3262 Florentinos
2487 3195 2838 3282 respicere
2904 3197 3088 3281 cepit
3134 3210 3202 3263 et
3248 3218 3486 3264 eorum
3539 3198 3907 3264 amicitiam
3955 3210 4217 3282 optare.
4309 3198 4553 3264 Masus

969 3516 1014 3552 1.
1049 3499 1198 3567 fore]
1223 3504 1292 3554 P.
1311 3515 1427 3553 esse
1463 3527 1487 3539 -
1530 3499 1643 3566 uti]
1671 3502 1753 3552 M.
1780 3500 1878 3550 ubi
1918 3527 1942 3539 -
1976 3513 2046 3550 ea
2071 3499 2300 3566 litteris]
2330 3502 2402 3550 R.
2425 3502 2509 3552 M.
2536 3515 2632 3552 eas
2654 3501 2877 3563 literas3
2905 3502 2961 3553 S.
2989 3515 3078 3552 eas
3105 3501 3360 3564 lieteras3
3389 3503 3456 3552 P.
3484 3516 3548 3552 ea
3571 3500 3757 3554 literis
3783 3527 3807 3539 -
3832 3500 4116 3570 accepere]
4161 3503 4215 3553 V.
4240 3501 4498 3569 accipere
4525 3529 4549 3540 -

829 3584 1070 3652 negotiJ]
1114 3589 1174 3638 C.
1199 3588 1265 3638 O.
1283 3589 1351 3638 P.
1374 3587 1432 3638 S.
1470 3585 1694 3654 negocij
1733 3614 1799 3622 —
1841 3598 1889 3636 2.
1929 3583 2256 3650 paucorum]
2300 3585 2364 3636 Ο.
2404 3601 2552 3636 omm.
2591 3614 2657 3622 —
2712 3599 2818 3652 2-3.
2849 3583 3232 3653 Capponium]
3273 3588 3338 3636 L.
3384 3583 3718 3653 Capponum
3758 3614 3821 3622 -
3862 3600 3912 3651 3.
3954 3586 4126 3636 veluti
4171 3586 4425 3654 propria]
4473 3590 4545 3638 R.

833 3669 1062 3739 propria
1101 3670 1273 3720 veluti
1300 3697 1323 3707 -
1350 3668 1606 3735 negotia]
1651 3672 1711 3720 C.
1734 3670 1798 3720 O.
1818 3670 1886 3719 P.
1910 3669 1967 3719 S.
2008 3669 2250 3733 negocia
2288 3694 2311 3705 -
2351 3667 2613 3732 mittunt]
2643 3671 2711 3719 L.
2738 3671 2984 3720 mictunt
3023 3698 3086 3708 —-
3128 3684 3176 3732 4.
3213 3667 3548 3734 cognoscat]
3588 3671 3657 3719 L.
3684 3670 4039 3735 cognoscant
4063 3686 4158 3720 con
4182 3669 4266 3719 l’n
4293 3678 4545 3733 espault),-

838 3757 895 3806 V.
922 3757 1271 3820 cognoscant
1307 3780 1331 3792 -
1373 3755 1435 3804 ln
1486 3752 1568 3817 re]
1600 3756 1657 3804 S.
1683 3755 1858 3804 RM.
1898 3767 1929 3803 e
1965 3767 2025 3803 re
2060 3778 2084 3789 -
2121 3751 2428 3817 videbitur]
2468 3754 2523 3802 in
2564 3755 2623 3804 C.
2649 3770 2709 3803 su
2746 3756 2951 3814 mum,-
2985 3755 3057 3803 R.
3094 3754 3379 3816 videatur3
3419 3756 3499 3803 M.
3540 3754 3836 3805 videbatur
3872 3782 3938 3790 —
3981 3763 4027 3816 5.
4068 3758 4126 3804 et
4162 3756 4212 3803 si
4247 3752 4338 3817 de]
4375 3756 4442 3803 P.
4485 3758 4548 3804 ut

740 3850 769 3904 5
823 3842 873 3889 si
913 3840 979 3889 de
1017 3864 1041 3876 -
1078 3835 1234 3901 urbe]
1275 3839 1359 3888 M.
1399 3852 1546 3887 omne.
1591 3866 1654 3874 -·-
1693 3835 1743 3887 6.
1783 3834 2094 3903 intelligat]
2136 3836 2307 3888 0.]11.
2359 3836 2714 3904 intelligant3
2755 3839 2813 3888 S.
2865 3837 3190 3902 intelligant
3238 3853 3332 3887 con
3382 3837 3475 3885 l'n
3524 3844 3770 3900 espnnto,·
3824 3839 3879 3888 V.
3931 3837 4198 3904 inteligat
4232 3863 4255 3874 -
4301 3841 4542 3887 cuncta-

819 3920 949 3988 que]
1007 3923 1062 3972 V.
1100 3923 1307 3972 cuncta
1344 3935 1483 3985 quae
1522 3911 1544 3958 -‘·
1582 3919 1870 3985 nuntiare]
1912 3921 1980 3970 L.
2020 3920 2364 3986 numptiare3
2405 3920 2554 3970 0.Ρ.
2591 3922 2646 3971 V.
2686 3923 2960 3971 nunciare
2997 3946 3020 3957 ·
3056 3919 3314 3984 festinet]
3359 3920 3422 3970 0.
3444 3921 3527 3970 M.
3564 3919 3836 3971 festinent
3865 3946 3929 3956 -—
3967 3921 4018 3971 8.
4043 3918 4195 3984 fore]
4225 3922 4297 3970 R.
4323 3935 4476 3970 omm.
4517 3947 4542 3958 -

818 4003 892 4071 sl]
920 4007 987 4056 L.
1016 4020 1074 4055 se
1100 4031 1122 4041 -
1146 4002 1430 4068 collaturi]
1485 4006 1539 4055 V.
1568 4004 1862 4054 collecturi
1887 4031 1953 4039 —-
1981 4018 2031 4069 9.
2058 4000 2240 4066 tante]
2282 4005 2364 4053 Μ.
2403 4006 2555 4055 tanti
2583 4034 2649 4042 —
2682 4017 2762 4053 10.
2790 4001 2968 4068 milia]
3015 4005 3068 4055 V.
3089 4005 3154 4053 P.
3177 4005 3249 4053 R.
3273 4006 3354 4053 M.
3393 4003 3578 4054 millia
3603 4029 3627 4041 -
3653 4001 3974 4067 numorum]
4002 4005 4069 4054 L.
4093 4003 4156 4054 Ο.
4197 4004 4251 4052 V.
4272 4004 4337 4052 Ρ.
4365 4005 4433 4052 R.
4457 4005 4541 4053 M.

820 4104 1173 4140 nummorum
1214 4115 1279 4122 ——
1325 4101 1407 4137 11.
1450 4085 1751 4155 principis]
1792 4087 1860 4137 L.
1900 4087 2186 4155 principes
2224 4116 2292 4125 —
2337 4101 2417 4137 12.
2457 4086 2740 4155 pontifici]
2779 4089 2862 4138 M.
2891 4087 3155 4154 pontefici
3193 4114 3259 4124 -—
3305 4101 3384 4152 13.
3411 4085 3721 4152 levissima]
3763 4089 3940 4137 RM.
3978 4086 4328 4147 facilissima,
4369 4087 4545 4136 dende

815 4174 866 4222 il
897 4174 1055 4223 Mun.
1099 4171 1373 4222 facillima
1410 4197 1432 4208 ·
1472 4169 1796 4235 haberetne]
1852 4172 1906 4220 V.
1934 4173 1998 4220 Ρ.
2048 4171 2251 4221 habere
2288 4199 2354 4208 —
2411 4186 2490 4236 14.
2530 4170 2823 4236 pontifice]
2872 4174 2953 4220 M.
2993 4170 3268 4238 pontefice
3306 4197 3374 4206 —
3429 4179 3509 4233 15.
3559 4168 3914 4234 Pontificem]
3966 4173 4048 4220 Μ.
4088 4170 4431 4220 Ponteficem
4471 4198 4534 4206 —

699 4269 763 4305 10
820 4256 898 4307 16.
938 4253 1257 4323 postquam]
1297 4258 1474 4304 R.M.
1512 4257 1874 4319 posteaquam
1910 4281 1976 4289 —
2034 4265 2115 4316 17.
2156 4252 2428 4318 dedende]
2468 4255 2552 4303 M.
2578 4258 2649 4305 R.
2687 4254 2958 4305 tradende
2997 4280 3020 4291 ·
3068 4253 3456 4317 Alderottum]
3510 4257 3546 4303 I.
3586 4254 3952 4305 Alderoctum
3994 4280 4058 4290 -—
4103 4255 4183 4305 18.
4223 4253 4534 4318 utriusque]

817 4343 883 4391 Ο.
919 4342 1174 4405 utrisque
1210 4365 1233 4376 ·
1273 4329 1597 4403 voluntate]
1635 4340 1701 4388 P.
1742 4340 1798 4389 V.
1838 4338 2183 4390 voluntatem
2221 4366 2288 4375 —-
2335 4352 2417 4402 19.
2458 4338 2907 4403 intentioneque]
2963 4337 3016 4387 V.
3047 4340 3505 4403 intentionesque
3541 4339 3777 4401 habet-eg
3813 4340 3880 4388 P.
3921 4340 4405 4401 intentionemque
4440 4337 4537 4386 ha·

814 4427 968 4476 beret
1003 4451 1068 4461 —
1109 4436 1193 4474 20.
1222 4421 1473 4487 Gabriel]
1516 4424 1581 4473 O.
1619 4439 1767 4474 omm.
1798 4450 1863 4458 --
1902 4436 1985 4472 21.
2022 4422 2391 4488 suspitiones]
2432 4425 2514 4474 Μ.
2538 4425 2609 4472 R.
2635 4424 2986 4490 suspiciones
3025 4449 3049 4461 -
3087 4421 3481 4487 Buccicaldus]
3537 4425 3591 4474 V.
3618 4422 3955 4474 Buceialdus
3991 4451 4057 4459 —
4100 4435 4183 4488 24.
4210 4420 4430 4487 optare]
4471 4422 4536 4472 P.

816 4511 1040 4574 optaret
1078 4533 1102 4545 -
1138 4506 1355 4573 Masus]
1394 4508 1463 4557 In
1502 4508 1565 4558 C.
1603 4525 1630 4557 e
1666 4509 1703 4559 l.
1744 4509 1801 4556 la
1827 4510 2032 4570 parola
2071 4507 2100 4556 ὸ
2134 4509 2327 4558 scritta
2362 4525 2425 4557 su
2465 4523 2569 4557 una
2616 4510 2789 4573 larga
2826 4508 2995 4558 litura
3004 4523 3023 4570 ‚-
3061 4509 3116 4557 in
3153 4510 3191 4558 I.
3230 4508 3434 4559 sembra
3471 4508 3532 4557 di
3563 4523 3716 4558 mano
3743 4505 3844 4571 pin>
3896 4513 4106 4558 recente
4142 4506 4203 4556 di
4234 4507 4415 4571 quella
4449 4505 4536 4554 ebe

811 4592 1000 4643 scrisse
1036 4593 1088 4642 il
1118 4592 1297 4642 codice

697 4780 758 4834 15
998 4765 1015 4801 ¹
1045 4770 1198 4820 Inter
1221 4771 1354 4820 hec..
1374 4806 1388 4821 .
1407 4806 1420 4820 .
1447 4772 1665 4821 mittunt
1684 4769 1760 4836 (p.
1790 4779 1837 4833 7,
1858 4769 1895 4819 1.
1919 4783 1986 4819 20
2010 4786 2045 4821 a
2066 4786 2117 4838 p.
2141 4771 2192 4833 8,
2218 4770 2253 4820 l.
2281 4769 2334 4836 3)
2363 4770 2437 4821 cf.
2467 4745 2625 4824 dap·
2731 4773 3024 4833 necessari,
3045 4785 3079 4821 a
3100 4772 3313 4836 quanto
3340 4771 3450 4837 egli
3476 4771 3598 4821 dice
3627 4769 3779 4820 nella
3805 4767 4148 4835 prefazione‚
4169 4768 4239 4820 ad
4265 4782 4380 4819 una
4409 4782 4534 4819 vera

821 4866 980 4917 Pom,
1005 4863 1139 4915 1127
1163 4853 1313 4905 C·D.
1350 4854 1394 4903 Il
1421 4855 1692 4904 racconto
1730 4854 1820 4904 nel
1858 4854 2126 4904 Palmieri
2152 4869 2266 4904 non
2295 4852 2324 4906 ὲ
2363 4855 2511 4906 nella
2535 4870 2624 4905 so·
2727 4855 2971 4906 historia.
3045 4855 3099 4904 A
3134 4855 3239 4904 che
3289 4854 3490 4905 infattl
3527 4855 3769 4904 avrebbe
3807 4853 4119 4919 approdato
4156 4852 4529 4918 l’enigmatica

815 4940 1008 4988 stanza
1044 4938 1268 4987 diverso
1307 4938 1377 4987 da
1415 4937 1600 5004 quello
1639 4938 1816 4988 molto
1852 4935 1953 5003 piu
1991 4937 2160 4988 breve
2200 4938 2289 4994 del
2325 4939 2621 5004 Capponi:
2727 4941 2928 4989 lettera
2978 4938 3426 4990 dell’Alderotti?
3500 4940 3554 4989 A
3589 4941 3803 5003 quanto
3850 4938 3901 4987 ci
3953 4935 4076 4988 dice
4115 4938 4153 4986 il
4206 4937 4476 4987 Palmieri
4507 4936 4526 4983 i

820 5020 850 5049 ⁰
868 5056 982 5074 ....
1020 5036 1122 5086 per
1160 5018 1474 5071 mezzanita
1510 5021 1569 5070 di
1606 5022 2004 5072 Buonaccorso
2029 5023 2090 5072 di
2117 5022 2423 5074 Francesco
2452 5021 2622 5073 Alde-
2728 5023 2917 5072 Priori
2953 5037 3053 5089 per
3097 5023 3326 5089 capirne
3362 5021 3593 5085 qualche
3640 5034 3774 5070 cosa
3811 5020 4124 5070 avrebbero
4173 5019 4384 5068 dovuto
4425 5019 4525 5067 far-

819 5105 847 5133 “
869 5107 1025 5168 rotti,
1054 5107 1255 5156 nostro
1293 5105 1577 5155 cittadino
1619 5106 1658 5154 il
1694 5105 1856 5170 quale
1885 5107 1935 5155 si
1960 5108 2201 5156 trovava
2239 5106 2416 5157 allora
2453 5122 2488 5157 a
2514 5106 2625 5158 Ge·
2730 5106 2844 5156 sela
2880 5108 3136 5171 spiegare
3187 5108 3213 5133 “
3235 5107 3304 5154 ab
3343 5105 3565 5166 amicis,
3603 5106 3700 5169 qui
3738 5104 4050 5154 Buccicaldi
4089 5109 4333 5153 mentem
4378 5107 4526 5154 tene·
4593 5094 4660 5150 35

695 5203 763 5239 20
820 5190 848 5218 ‘¹
868 5204 1034 5252 nova,
1074 5191 1636 5240 secretissimamente
1671 5187 1895 5239 feciono
1934 5204 2152 5256 sapere,
2186 5204 2244 5239 se
2279 5190 2531 5255 potendo
2583 5191 2623 5241 il
2727 5190 2864 5239 bant
2882 5225 2929 5253 η.
3003 5191 3046 5239 Ε
3077 5190 3268 5251 allora,
3295 5203 3351 5239 se
3373 5188 3696 5239 Buccicaldo
3721 5203 3901 5239 aveva
3922 5204 3956 5238 a
3983 5189 4217 5238 Firenze
4236 5188 4410 5237 amici
4436 5186 4524 5237 che

818 5272 847 5301 Β
866 5275 1064 5323 nostro
1105 5273 1359 5324 Comune
1386 5285 1523 5322 aver
1547 5274 1699 5335 Pisa,
1738 5287 1798 5322 se
1824 5271 1879 5323 v'
1896 5269 2308 5325 attenderebbe.
2384 5275 2428 5323 E
2457 5274 2622 5324 scrIt-
2727 5275 3018 5337 potessero
3045 5274 3283 5322 trattare
3310 5272 3707 5321 direttamente
3732 5272 3822 5320 coi
3859 5272 4069 5334 Priori,
4094 5285 4130 5322 a
4165 5271 4270 5320 che
4304 5272 4527 5321 sarebbe

823 5352 1006 5406 “tone
1042 5358 1138 5421 qui
1180 5371 1212 5404 a
1254 5355 1407 5406 Gino
1448 5358 1714 5421 Capponi
1752 5372 1859 5407 con
1909 5359 2056 5407 assai
2096 5356 2284 5407 brieve
2321 5358 2532 5422 parole,
2570 5358 2623 5408 si
2727 5358 2946 5406 ricorso
2983 5357 3088 5407 alla
3141 5355 3488 5405 mediazione
3534 5353 3983 5405 dell’Alderotti?
4055 5354 4520 5405 Evidentemente

820 5440 1029 5505 “prese
1064 5443 1281 5505 partito
1319 5456 1420 5504 per
1455 5444 1637 5490 nostri
1664 5441 1895 5506 Signori
1932 5457 1963 5491 e
2001 5455 2103 5509 per
2129 5443 2404 5509 consiglio
2432 5442 2489 5492 di
2517 5457 2619 5508 po·
2724 5440 2776 5490 la
2811 5440 3014 5490 lettera
3038 5453 3196 5490 serve
3233 5440 3286 5488 al
3325 5439 3592 5489 Palmieri
3616 5440 3691 5490 ad
3726 5440 4000 5504 ampliare
4037 5439 4078 5488 11
4106 5440 4400 5506 Cupponi3
4428 5439 4524 5505 egli

817 5524 847 5552 ⁴¹
866 5524 1121 5575 chissimi
1158 5524 1449 5587 cittadini,
1474 5524 1579 5574 che
1607 5524 1763 5575 Gino
1790 5525 2026 5574 andasse
2051 5525 2164 5576 fino
2192 5540 2224 5575 a
2249 5525 2506 5587 Genova,
2532 5523 2620 5575 fa·
2727 5528 2823 5591 poi
2862 5541 2959 5592 per
2995 5523 3094 5591 piu
3135 5526 3502 5587 naturalem-za,
3543 5526 3597 5574 la
3637 5526 3949 5589 immagina
3982 5525 4192 5574 diretta
4229 5522 4462 5575 antiche
4496 5537 4524 5572 a
4586 5546 4660 5596 40

692 5616 754 5669 25
818 5607 1038 5658 “cendo
1076 5607 1520 5659 dimostrazione
1556 5610 1619 5658 di
1655 5608 1859 5659 andare
1888 5624 1989 5674 per
2012 5609 2158 5659 altra
2180 5611 2417 5673 cagione
2443 5611 2550 5659 etc.
2570 5645 2615 5673 „.
2724 5610 2896 5671 Gino,
2936 5625 2969 5659 a
3005 5611 3134 5674 quei
3169 5609 3359 5659 Priori
3394 5609 3499 5658 che
3538 5608 3834 5659 dovevano
3874 5609 4182 5659 deliberare
4222 5608 4370 5660 sulla
4403 5621 4521 5672 pro·

813 5693 862 5744 11
899 5692 1172 5743 Palmieri
1209 5693 1530 5743 diversifica
1567 5692 1658 5743 dal
1695 5692 1979 5758 Capponi‚
2020 5693 2080 5740 in
2130 5695 2343 5757 quanto
2393 5695 2446 5742 ci
2484 5693 2619 5743 offre
2721 5694 2889 5759 posta
2924 5693 3013 5743 del
3052 5693 3401 5744 Buccicaldo.

814 5779 855 5830 il
882 5781 1035 5830 testo
1072 5778 1217 5830 della
1251 5778 1451 5829 lettera
1489 5777 1926 5840 dell'Alderotti‚
1967 5778 2300 5830 indirizzata
2336 5781 2392 5830 ai
2427 5780 2620 5830 Priori
2897 5774 2920 5809 ²
2964 5778 3389 5842 Mandantque..
3410 5810 3453 5827 ..
3482 5777 3785 5828 revertitur
3811 5773 3890 5841 (p.
3914 5776 4043 5840 8,11.
4071 5774 4257 5845 3·19)3
4282 5776 4355 5827 cf.
4383 5775 4521 5827 Cu-

814 5856 1042 5911 anziche
1069 5874 1102 5909 a
1129 5858 1303 5911 Gin0.
1374 5861 1492 5911 Nol
1526 5873 1645 5910 non
1682 5859 1962 5910 crediamo
1998 5861 2053 5909 la
2079 5860 2285 5909 lettera
2307 5861 2616 5922 autentica,
2729 5876 2889 5926 Pom,
2934 5871 3068 5925 1127
3089 5862 3313 5914 E·1128
3333 5862 3395 5912 B.

814 5958 905 5994 ma
930 5945 1211 6010 piuttosto
1237 5960 1313 5994 un
1339 5946 1507 6010 parto
1530 5942 1674 5994 delia
1701 5945 1945 5994 fantasia
1964 5943 2051 5993 del
2076 5944 2366 6005 Palmieri,
2387 5943 2432 5993 n
2457 5943 2619 6008 quale
2897 5942 2921 5978 ³
2962 5948 3104 5998 Dum
3141 5947 3340 5999 been..
3370 5948 3689 6010 provenerit
3737 5946 3817 6011 (11.
3858 5948 4077 6015 20·24)3
4115 5945 4189 6000 cf.
4241 5946 4515 6007 Caerosi,
4574 5951 4650 6006 45

688 6038 760 6096 30
814 6032 886 6083 ha
907 6030 1119 6083 sentito
1157 6032 1255 6100 qui
1290 6031 1334 6083 il
1367 6031 1611 6097 bisogno
1648 6029 1707 6082 di
1743 6031 2086 6098 aggiungore
2125 6033 2251 6095 quei
2288 6030 2614 6097 particolari
2732 6031 2869 6083 1128
2889 6032 2950 6082 B.

4777 666 4799 801 π
