4823 7100
1160 488 1304 563 DE
1359 488 2067 565 CAPTIVITATE
2120 491 2602 569 PISARUM
2657 492 2970 568 LIBER
3829 500 3921 578 19

256 786 470 835 corum
502 762 770 829 dierum
798 759 1162 849 penuriam
1206 757 1610 838 substinere,
1641 780 1847 848 quam
1876 759 2157 848 incepto
2204 761 2458 831 omisso
2491 762 2655 830 fede
2702 763 3088 832 discedere.
3179 766 3503 835 Viatores
3547 767 3758 858 igitur
3801 769 3930 835 im-

251 875 434 962 pigre
480 870 578 935 ire
623 867 885 945 iubent,
933 865 1050 955 qui
1097 886 1184 931 ex
1229 864 1507 952 oppidis
1568 884 1876 955 agroque
1936 866 2304 935 florentino
2352 888 2440 935 ac
2484 869 2693 936 etiam
2756 870 2846 938 ab
2899 870 3143 938 amicis
3188 873 3573 962 vicinisque
3620 872 3937 942 omnibus

253 991 507 1048 coctum
550 994 801 1062 panem
843 983 1089 1060 parent
1132 983 1203 1038 et
1246 970 1461 1039 celeri
1505 982 1794 1039 vectura
1837 972 2253 1059 premittunt,
2300 975 2723 1042 frumentum
2770 975 3026 1044 deinde
3067 988 3137 1045 et
3171 990 3405 1045 cetera
3448 979 3782 1048 militibus
3810 1001 3934 1047 ne-

253 1081 530 1154 cessaria
571 1080 877 1169 undique
922 1077 1282 1166 importari
1333 1088 1598 1145 curent.
1688 1079 1887 1146 Idem
1949 1078 2392 1160 Florentiam,
2455 1092 2531 1147 ut
2590 1082 2838 1150 sedulo
2856 1087 2872 1118 '
2932 1083 3083 1151 fieri
3145 1083 3448 1165 iubeant,
3499 1107 3630 1173 per
3676 1085 3937 1154 litteras

182 1192 212 1261 5
251 1192 568 1261 nuntiant.
658 1188 798 1257 Per
838 1205 1196 1254 romanum
1242 1185 1448 1253 etiam
1498 1205 1582 1252 ac
1625 1204 1978 1273 genuense
2012 1184 2198 1253 littus
2230 1185 2714 1273 impunitatem
2746 1188 3062 1258 omnibus
3092 1192 3333 1260 dicunt
3377 1192 3450 1258 in
3493 1192 3937 1261 florentinum

250 1297 605 1366 exercitum
651 1292 881 1361 cibum
927 1292 1226 1359 aliumve
1271 1303 1721 1359 commeatum
1765 1290 2222 1379 portantibus,
2267 1292 2593 1381 idemque
2638 1314 2770 1382 per
2812 1314 3187 1382 preconem
3231 1297 3306 1364 in
3354 1298 3663 1366 exercitu
3705 1298 3937 1387 publi-

251 1411 415 1479 cant,
456 1397 828 1485 unicuique
872 1394 1349 1482 impunitatem
1397 1404 1468 1461 et
1511 1392 1872 1460 licentiam
1917 1393 2269 1461 vendendi
2317 1407 2646 1482 quantum
2694 1397 2904 1465 vellet
2946 1411 3353 1486 prestantes.
3445 1400 3677 1468 Tanta
3705 1401 3937 1490 itaque

248 1504 557 1596 proximis
601 1503 845 1572 diebus
890 1500 1173 1569 mutatio
1219 1500 1413 1568 facta
1456 1511 1582 1578 est,
1626 1510 1701 1565 ut
1748 1520 1787 1565 e
1835 1500 2135 1566 maxima
2178 1500 2419 1588 inopia
2462 1501 2711 1591 ingens
2755 1503 3088 1571 frumenti
3135 1507 3342 1593 copia
3385 1507 3784 1593 provenerit
3806 1505 3846 1574 ¹.

406 1609 766 1679 Frumenti
808 1609 1018 1697 igitur
1063 1606 1461 1674 difficultate
1503 1604 1773 1673 sublata
1818 1618 1889 1673 et
1933 1605 2206 1674 munitis
2251 1618 2399 1675 tuto
2448 1608 2609 1676 loco
2654 1610 2923 1690 castris,
2969 1611 3356 1678 Florentini
3399 1612 3590 1700 ripas
3637 1613 3934 1681 fluminis

152 1726 213 1790 10
252 1718 579 1789 custodire
624 1728 697 1785 et
741 1715 1003 1784 aditum
1050 1714 1376 1782 claudere
1421 1713 1816 1781 decrevere.
1908 1714 2066 1781 Duo
2112 1712 2325 1802 igitur
2369 1714 2680 1801 presidia
2724 1715 3037 1784 adversis
3079 1715 3256 1784 Arni
3289 1717 3625 1786 littoribus
3655 1720 3929 1787 firmant

248 1841 309 1895 et
346 1845 548 1913 super
593 1823 792 1912 palos
834 1821 1141 1911 ligneum
1186 1832 1470 1907 pontem
1512 1820 1898 1906 imponunt,
1945 1819 2064 1908 qui
2110 1820 2201 1887 ad
2243 1820 2552 1907 presidia
2582 1841 3018 1889 communem
3049 1823 3400 1891 transitum
3433 1825 3654 1894 faciat
3699 1838 3768 1893 et
3797 1826 3933 1894 iter

245 1956 358 2022 per
385 1933 638 1998 flumen
670 1929 953 1997 claudat
977 1926 1024 1995 ².
1112 1928 1293 1994 Dum
1326 1926 1554 1994 electa
1583 1925 1910 2015 presidijs
1940 1926 2102 1993 loca
2128 1926 2505 2015 aggeribus
2533 1928 2879 2016 fossisque
2909 1929 3241 2010 muniunt,
3274 1943 3350 1998 ut
3382 1933 3684 1999 celerius
3715 1933 3933 2000 extol-

248 2041 456 2107 lerent
500 2057 695 2125 opus,
742 2034 1152 2103 suburbanis
1195 2033 1437 2101 dirutis
1480 2032 1667 2100 iuxta
1710 2033 2137 2120 superiorem
2170 2054 2443 2100 amnem
2474 2034 2673 2114 vicis,
2704 2056 3014 2102 casarum
3048 2037 3280 2106 trabes
3311 2037 3637 2127 tignaque
3669 2039 3931 2106 flumini

245 2146 518 2225 dabant3
566 2139 1007 2211 collectores·
1054 2140 1223 2208 inde
1268 2140 1359 2207 ad
1404 2150 1684 2226 pontem
1724 2138 2166 2228 presidiaque
2213 2138 2640 2207 instruebant
2656 2165 2675 2219 3
2723 2153 3049 2231 tantaque
3095 2143 3232 2210 fuit
3278 2143 3618 2234 lignorum
3662 2146 3791 2225 vis,
3835 2156 3933 2227 ut,

147 2254 206 2320 15
244 2264 478 2320 navato
525 2249 820 2319 fluminis
864 2267 1104 2336 opere,
1150 2245 1562 2313 militaribus
1606 2266 1881 2334 quoque
1927 2244 2394 2313 tabernaculis
2442 2247 2806 2315 inserviret
2831 2246 2876 2315 ³.

405 2359 602 2425 Inter
643 2357 782 2423 hec
827 2355 1142 2442 Guaspar
1185 2350 1486 2432 Pactius,
1533 2371 1735 2440 quem
1782 2374 1941 2420 cum
1984 2350 2331 2442 equitibus
2375 2352 2572 2419 Pisas
2616 2353 2999 2441 ingressum
3046 2357 3494 2438 ostendimus,
3543 2358 3793 2426 timens
3835 2378 3926 2427 ne

245 2466 389 2554 equi
432 2465 622 2531 fame
668 2461 1145 2550 perderentur,
1190 2457 1478 2547 publica
1531 2458 1985 2528 obsidentium
2045 2460 2411 2547 impetrata
2468 2459 2629 2538 fide,
2692 2480 2848 2527 cum
2908 2462 3095 2528 omni
3154 2482 3278 2530 suo
3340 2464 3650 2553 equitatu
3710 2464 3934 2534 abivit

242 2591 320 2636 ex
358 2565 532 2634 urbe
559 2563 608 2632 ⁴.

400 2671 697 2741 Intentis
756 2670 848 2737 ad
893 2668 1357 2737 obsidendum
1416 2666 1662 2735 animis
1708 2678 1778 2734 et
1823 2667 2117 2758 impigre
2175 2667 2420 2735 sedulo
2465 2668 2744 2756 incepta
2787 2669 3210 2751 curantibus,
3258 2692 3392 2740 nec
3452 2672 3617 2739 dum
3660 2673 3930 2742 firmato

134 2785 203 2849 20
238 2792 460 2869 ponte,
511 2798 646 2846 nec
694 2775 1128 2846 communitis
1169 2774 1516 2865 presidijs,
1563 2773 1862 2862 quinque
1909 2775 2195 2842 incurve
2238 2795 2474 2856 naves,
2521 2794 2656 2863 que
2704 2796 2743 2841 e
2791 2775 3040 2844 Sicilia
3083 2776 3281 2845 Pisas
3325 2779 3742 2848 frumentum
3772 2799 3933 2867 por-

240 2882 486 2962 tabant,
520 2902 660 2949 una
690 2900 850 2947 cum
879 2889 1146 2965 septem
1178 2876 1399 2964 longis
1428 2875 1717 2943 navibus
1746 2876 1821 2942 in
1855 2896 2097 2944 eorum
2139 2876 2425 2944 tutelam
2456 2875 2734 2945 armatis
2763 2877 2836 2944 in
2881 2890 3158 2964 portum
3201 2900 3479 2949 venere.
3572 2883 3653 2948 In
3684 2882 3933 2949 eodem

239 3001 429 3077 portu
473 2985 862 3056 Florentini
909 2984 1197 3052 classem
1240 2981 1592 3050 habebant
1638 2982 1913 3050 navium
1959 2984 2112 3050 fere
2158 2983 2481 3061 totidem;
2531 3004 2702 3073 quas
2731 3003 2890 3051 cum
2921 2984 3238 3053 viderent
3281 2986 3519 3054 Pisani
3552 2988 3935 3057 audissent-

238 3118 361 3184 que
404 3105 806 3162 terrestrem
852 3089 1227 3158 exercitum
1269 3088 1525 3155 flumen
1573 3088 1943 3170 custodire,
1989 3109 2129 3157 non
2161 3100 2318 3157 sunt
2345 3089 2495 3156 ausi
2527 3089 2772 3157 ostium
2803 3090 3084 3172 intrare,
3117 3092 3246 3159 nisi
3276 3093 3468 3180 prius
3512 3094 3744 3161 navali
3775 3115 3934 3181 pre·

238 3204 323 3270 lio
368 3202 552 3269 cum·
598 3198 855 3268 nostris
900 3198 1381 3265 decernerent.
1471 3195 1861 3264 Constituto
1906 3196 2121 3287 igitur
2164 3208 2496 3283 tempore,
2545 3216 2700 3263 cum
2731 3196 2867 3263 iam
2899 3197 3044 3266 diei
3089 3220 3251 3286 pars
3296 3199 3595 3266 maxima
3638 3220 3922 3288 proces-

129 3308 198 3376 25
237 3310 445 3389 sisset,
491 3305 843 3374 instructis
886 3302 1232 3371 navalium
1277 3301 1617 3370 sociorum
1636 3305 1650 3333 '
1699 3302 2104 3393 agminibus,
2134 3301 2370 3370 Pisani
2399 3314 2673 3371 nostros
2715 3302 3132 3373 adoriuntur.
3227 3304 3718 3393 Spectaculum
3748 3328 3934 3394 pene

237 3436 474 3504 vagum
524 3413 656 3480 fuit
702 3424 772 3479 et
812 3411 1047 3499 potius
1089 3407 1661 3498 persequentibus
1706 3430 1909 3498 quam
1954 3408 2495 3478 decernentibus
2539 3409 2795 3489 simile3
2842 3411 3407 3500 persequentibus
3452 3413 3636 3479 enim
3684 3412 3935 3507 alteros

237 3521 484 3604 alteris,
536 3541 662 3608 par
707 3519 860 3586 fere
905 3516 1034 3585 iter
1080 3536 1318 3584 omues
1362 3516 1432 3582 in
1478 3514 1691 3584 altum
1734 3517 1994 3596 fecere,
2039 3516 2265 3585 donec
2323 3528 2764 3604 prospectum
2825 3516 3099 3585 navium
3142 3520 3333 3607 prius
3376 3517 3721 3608 subripuit
3764 3541 3923 3601 nox,

241 3650 435 3716 quam
479 3625 825 3693 valuerint
869 3624 1181 3691 cominus
1220 3622 1516 3711 prelium
1566 3621 1768 3690 inire.
1860 3623 1941 3689 In
2001 3623 2247 3690 eadem
2305 3634 2512 3689 nocte
2573 3634 2771 3690 atrox
2831 3636 3190 3692 ventorum
3250 3624 3564 3714 sequitur
3621 3626 3746 3708 vis,
3792 3649 3926 3715 que

235 3729 530 3797 Pisanos
572 3727 644 3794 in
690 3726 990 3796 Veneris
1033 3724 1304 3812 impulit
1346 3723 1661 3803 Portum3
1708 3724 2094 3793 Florentini
2153 3743 2319 3792 vero
2380 3723 2453 3789 in
2513 3724 2837 3792 Pisanum
2881 3726 3169 3793 rediere.
3261 3726 3529 3794 Onuste
3576 3728 3924 3797 frumento

126 3839 198 3903 30
237 3856 439 3904 naves
484 3836 738 3903 eadem
781 3842 1187 3920 tempestate
1236 3842 1551 3920 quassate
1593 3831 1666 3896 in
1710 3828 1963 3899 Pisano
2007 3831 2223 3899 Portu
2267 3830 2541 3899 ancoris
2582 3830 3014 3898 tenebantur.
3102 3831 3541 3902 Lucescente
3587 3834 3729 3916 die,
3776 3858 3936 3905 cum

429 4128 476 4166 1.
518 4109 857 4177 substinere]
897 4112 979 4163 M.
1017 4109 1294 4161 sustinere
1329 4134 1353 4148 ·
1388 4106 1629 4174 omisso]
1690 4108 1754 4160 Ο.
1793 4108 2076 4171 obmiss03
2122 4108 2194 4158 R.
2233 4107 2508 4160 ommisso
2543 4135 2610 4146 —
2651 4119 2701 4159 2.
2740 4121 2807 4158 ex
2842 4106 3095 4177 oppidis]
3137 4109 3194 4162 V.
3232 4109 3328 4174 qui
3364 4111 3539 4163 etiam
3576 4125 3643 4162 ex
3679 4112 3914 4179 oppidis

237 4225 261 4238 ·
293 4195 551 4268 oppidis]
596 4199 654 4249 C.
677 4196 736 4249 S.
775 4195 966 4265 opidis
1004 4220 1028 4233 ·
1062 4191 1258 4260 etiam]
1294 4194 1360 4244 P.
1398 4207 1547 4245 ouen.
1587 4218 1611 4231 ·
1648 4193 1720 4244 ab
1756 4190 1984 4258 amicis]
2038 4191 2096 4244 V.
2133 4192 2205 4245 ab
2231 4191 2499 4244 omnibus
2534 4191 2732 4244 amicis
2768 4217 2792 4230 ·
2827 4192 3117 4260 omnibus]
3154 4195 3219 4245 P.
3255 4195 3312 4246 V.
3352 4210 3504 4246 omn.
3542 4223 3608 4233 —
3659 4211 3710 4263 3.
3760 4198 3926 4249 celeri

233 4281 484 4349 vectura]
528 4282 587 4334 S.
611 4283 684 4332 R.
705 4281 788 4332 M.
837 4278 1014 4331 celere
1050 4280 1216 4330 vectu
1263 4302 1288 4315 -
1335 4275 1690 4344 premittant]
1727 4278 1796 4329 L.
1848 4276 2187 4346 premictant
2221 4301 2246 4314 -
2280 4274 2655 4342 frumentum]
2704 4278 2767 4328 O.
2807 4292 2955 4328 omn.
2994 4305 3060 4316 —-
3100 4293 3150 4344 4.
3189 4276 3435 4345 litteras]
3476 4280 3542 4330 P.
3567 4280 3625 4332 S.
3646 4282 3718 4331 R.
3741 4284 3823 4333 M.
3861 4282 3929 4332 li·

236 4369 382 4419 teras
418 4396 488 4406 —
532 4375 582 4431 5.
618 4361 916 4429 nuntiant]
964 4363 1026 4415 Ο.
1046 4364 1113 4414 Ρ.
1150 4360 1428 4414 nunciant
1463 4387 1487 4400 -
1524 4358 1618 4426 ac]
1656 4361 1832 4412 MR.
1869 4363 1925 4413 et
1975 4387 1999 4400 -
2034 4359 2221 4427 littus]
2269 4363 2326 4413 C.
2365 4361 2508 4412 litus
2544 4367 2772 4413 correus
2807 4361 2865 4411 ὰ
2899 4361 3092 4426 littus3
3131 4364 3203 4413 R.
3225 4364 3308 4413 M.
3344 4363 3513 4425 litus3
3560 4365 3625 4415 0.
3663 4364 3838 4415 lictus
3864 4394 3930 4404 —

156 4461 180 4515 5
233 4450 282 4501 6.
319 4446 709 4520 portantibus]
751 4450 811 4500 C.
849 4445 1293 4515 importantibus
1328 4447 1461 4496 colle
1483 4445 1664 4511 prinae
1698 4445 1797 4496 dae
1829 4446 2014 4497 lettere
2048 4452 2287 4511 aspum
2324 4446 2362 4497 Ι.
2401 4445 2765 4512 portantibus
2801 4446 2943 4496 colla
2975 4445 3173 4496 sillaba
3206 4461 3315 4512 por
3337 4462 3398 4498 su
3435 4447 3641 4510 ls'tura5
3675 4446 3734 4498 S.
3754 4449 3826 4498 R.
3848 4451 3932 4500 Μ.

237 4533 680 4604 importantibus
721 4558 745 4572 ·
796 4529 1073 4599 idemque]
1125 4533 1198 4582 R.
1248 4531 1331 4580 M.
1381 4531 1437 4581 et
1485 4528 1631 4579 idem
1717 4558 1783 4569 —-
1834 4538 1884 4594 7.
1936 4527 2362 4595 impunitatem]
2414 4530 2450 4580 Ι.
2477 4531 2547 4580 L.
2586 4529 3001 4581 immunitatem
3049 4557 3116 4568 —
3157 4531 3206 4583 8.
3243 4530 3301 4597 e]
3349 4531 3418 4582 L.
3468 4546 3535 4581 ex
3580 4558 3647 4569 —
3682 4545 3736 4598 9.
3781 4531 3933 4599 tuto]

235 4620 290 4671 S.
314 4622 384 4670 R.
406 4621 493 4671 Μ.
534 4619 660 4669 toto
697 4644 764 4654 —
797 4630 878 4668 10.
905 4612 1216 4681 decrevere]
1277 4616 1341 4665 0.
1390 4614 1755 4666 decreverunt
1791 4639 1815 4652 -
1850 4611 2023 4679 Arni]
2060 4615 2125 4664 P.
2166 4615 2325 4664 Anni
2360 4639 2386 4651 -
2420 4611 2734 4678 littoribus]
2784 4615 2848 4665 0.
2885 4613 3225 4679 lictoribus3
3260 4616 3328 4666 L.
3352 4616 3427 4666 R.
3449 4617 3532 4666 Μ.
3568 4615 3832 4666 litoribus
3856 4644 3923 4655 —

126 4703 133 4708 '
240 4717 316 4754 12.
350 4700 560 4767 electa]
599 4703 638 4752 l.
659 4701 728 4752 L.
766 4699 978 4752 delecta
1013 4728 1080 4739 —
1125 4712 1205 4764 13.
1241 4695 1523 4763 casarum]
1577 4698 1637 4749 V.
1673 4711 1953 4750 cassarum
1990 4725 2056 4735 -
2101 4711 2182 4764 14.
2218 4696 2576 4764 collectores]
2604 4699 2662 4750 S.
2688 4697 3129 4765 collectoresque
3152 4723 3177 4736 -
3213 4696 3373 4764 inde]
3402 4700 3475 4750 R.
3503 4699 3705 4751 deinde
3738 4728 3806 4738 -—
3838 4709 3921 4764 15.

233 4784 464 4852 navato]
508 4788 582 4837 R.
620 4782 872 4850 perfecto
909 4810 975 4821 —-
1021 4781 1102 4834 16.
1140 4781 1426 4850 Guaspar]
1466 4782 1525 4833 S.
1546 4783 1618 4832 R.
1640 4782 1722 4831 M.
1744 4780 1964 4849 Gaspar
2002 4808 2026 4819 -
2062 4779 2317 4846 Pactius]
2354 4784 2421 4833 P.
2461 4781 2693 4832 Paccius
2729 4806 2755 4818 -
2789 4779 3131 4847 ingressum]
3180 4783 3245 4834 0.
3282 4783 3566 4848 ingressus
3601 4810 3668 4821 —
3715 4793 3797 4849 17.
3822 4784 3926 4835 im-

129 4882 184 4921 10
237 4868 478 4939 ρει-1212]
509 4871 593 4920 M.
622 4868 932 4937 Imprecata
955 4893 1022 4904 —
1055 4867 1136 4919 18.
1161 4865 1252 4933 ex]
1292 4866 1348 4918 V.
1369 4867 1434 4916 P.
1472 4865 1544 4916 ab
1567 4892 1633 4903 —
1663 4877 1746 4915 21.
1783 4864 1919 4932 una]
1945 4867 2011 4916 P.
2046 4865 2106 4917 V.
2131 4881 2282 4916 omn.
2310 4891 2332 4903 -
2356 4862 2573 4930 eorum]
2601 4866 2676 4916 R.
2701 4878 2894 4916 earum
2919 4891 2985 4901 —
3014 4877 3099 4931 23.
3125 4862 3361 4930 ostium]
3410 4867 3475 4917 O.
3494 4867 3561 4917 P.
3582 4864 3640 4916 S.
3665 4867 3931 4920 hostium.

235 4980 298 4991 —
338 4964 423 5019 25.
463 4949 788 5017 navalium]
828 4953 902 5003 R.
930 4951 988 5002 S.
1039 4949 1334 5002 navalibus
1372 4975 1439 4986 —
1479 4946 1561 4999 26.
1601 4946 2080 5016 persequentibus]
2119 4951 2193 5000 R.
2218 4950 2303 5000 Μ.
2338 4948 2825 5018 prosequentibus,
2860 4955 2996 5000 tutte
3030 4966 3058 4999 e
3096 4949 3195 5000 dae
3239 4950 3293 4999 Ie
3328 4950 3476 5002 volte
3508 4977 3574 4987 —
3602 4959 3689 5014 27.
3728 4950 3933 5018 donec]

234 5038 450 5089 donehc
489 5062 515 5074 -
555 5031 864 5104 subripuit]
912 5035 976 5085 0.
1015 5033 1297 5100 surripuit
1334 5060 1399 5070 —-
1439 5033 1522 5085 28.
1551 5029 1853 5097 vsiuerint]
1893 5033 1951 5084 S.
1975 5035 2047 5084 R.
2066 5034 2152 5084 Μ.
2191 5032 2440 5085 valuerit
2474 5057 2498 5070 ·
2533 5029 2821 5097 cominus]
2854 5034 2913 5084 C.
2938 5033 3229 5097 eominus3
3258 5033 3315 5084 S.
3340 5032 3654 5085 comminus
3696 5059 3721 5072 -
3757 5032 3928 5101 inire]

232 5123 404 5174 ΒΑΜ.
442 5120 587 5174 iniri
626 5145 693 5157 —
732 5131 818 5185 29.
856 5115 1114 5183 Veneris]
1155 5115 1213 5168 S.
1253 5116 1457 5169 Veneri
1493 5145 1561 5155 —
1599 5130 1685 5184 30.
1733 5114 1987 5182 ancoris]
2039 5116 2097 5168 S.
2119 5120 2204 5170 Μ.
2251 5116 2521 5170 anchoris

227 5314 386 5365 sione
409 5311 554 5364 delle
575 5309 729 5363 forze
753 5310 986 5362 lasciate
1010 5324 1046 5361 a
1070 5309 1216 5361 Vico
1240 5323 1271 5360 e
1294 5322 1491 5375 presso
1514 5323 1549 5359 a
1573 5322 1716 5377 poco
1740 5307 2021 5360 concorda
2127 5321 2204 5361 no
2240 5307 2602 5359 disseminate
2636 5308 2731 5359 nel
2768 5307 3044 5360 cmom
3084 5320 3220 5373 1133
3240 5309 3313 5370 A,
3356 5320 3493 5374 1134
3512 5308 3653 5362 B·C.

127 5401 177 5455 15
226 5397 313 5447 eol
338 5399 647 5449 Panum
669 5394 759 5446 nei
783 5408 1021 5446 numero
1046 5393 1569 5464 (1ο11ο2οκ121ωα1ιε
1604 5391 1765 5458 (1135
1787 5391 1878 5458 C),
1903 5407 2020 5443 non
2304 5387 2330 5424 ³
2366 5395 2511 5444 Dum
2550 5394 2814 5446 electa...
2833 5428 2846 5442 .
2884 5391 3175 5443 inserviret
3208 5390 3285 5458 (11.
3330 5390 3535 5457 12-15).
3602 5390 3688 5445 Ne
3713 5393 3757 5446 11
3781 5393 3931 5447 Car·
4026 5401 4047 5450 5

229 5496 472 5532 sesenna
499 5495 603 5548 per
639 5478 681 5529 il
718 5481 1028 5541 momento,
1052 5474 1124 5529 ne
1147 5477 1260 5528 alla
1284 5478 1520 5529 nomina
1542 5475 1600 5526 di
1625 5477 1779 5527 Luca
1801 5476 2023 5528 Fieschi
2128 5490 2289 5542 Pom,
2329 5474 2400 5529 ne
2436 5478 2567 5529 altri
2604 5477 2835 5545 pariano
2872 5476 2961 5528 dei
2998 5476 3170 5528 modo
3219 5477 3420 5528 tenuto
3473 5476 3567 5527 dai
3605 5478 3931 5531 Florentini

229 5578 262 5613 a
292 5565 569 5631 capitano
605 5561 865 5628 generale
900 5559 1208 5626 (awenuta
1241 5559 1331 5611 dei
1378 5560 1530 5611 resto
1580 5560 2024 5626 posteriormen·
2127 5575 2229 5630 per
2262 5559 2499 5612 fornirsi
2534 5560 2592 5611 dl
2626 5561 2905 5626 legname.
2977 5561 3153 5611 Forse
3177 5557 3218 5611 l’
3234 5558 3361 5611 idea
3387 5573 3568 5611 venne
3590 5562 3647 5611 al
3672 5562 3933 5613 Panum-

226 5644 319 5711 te),
354 5644 430 5699 ne
466 5646 578 5698 alla
612 5647 787 5713 tappa
821 5644 970 5696 fstta
1017 5644 1171 5710 dagli
1218 5644 1440 5695 eserciti
1487 5657 1522 5694 a
1566 5641 1823 5695 cascina.
1897 5643 2025 5694 Tali
2125 5659 2191 5698 su
2226 5645 2295 5696 da
2331 5661 2407 5695 un
2445 5646 2619 5712 luogo
2645 5645 2735 5695 del
2759 5645 3182 5696 Buomussom
3207 5644 3358 5711 (779)
3397 5659 3503 5696 ove
3541 5644 3816 5711 parlando
3843 5647 3933 5697 del

226 5725 624 5794 particolar-iti
656 5743 763 5780 son
797 5731 951 5780 certo
987 5727 1193 5779 dovute
1230 5728 1285 5778 ai
1310 5726 1594 5779 desiderio
1619 5726 1703 5778 dei
1724 5728 2027 5779 Parmam
2124 5730 2381 5797 legname
2420 5729 2687 5781 mandato
2722 5728 2819 5781 dai
2852 5729 3054 5781 Pisani
3090 5744 3192 5797 per
3228 5731 3392 5781 Arno
3426 5731 3629 5781 contro
3663 5729 3716 5780 le
3749 5726 3932 5782 bastie

122 5830 181 5868 so
227 5814 284 5865 di
318 5814 603 5880 ampliare
640 5813 685 5864 11
722 5815 1008 5865 racconto.
2126 5813 2425 5865 florentine
2447 5826 2552 5865 usa
2574 5812 2628 5864 le
2653 5814 2873 5880 parole=
2915 5813 2945 5843 ‘¹
2963 5827 3209 5881 presono
3237 5814 3417 5866 molto
3441 5814 3706 5880 legname
3729 5814 3793 5865 di
3811 5830 3932 5865 case

404 5894 425 5930 ¹
453 5899 646 5949 Primo
662 5934 676 5949 .
692 5931 740 5950 ..
756 5898 1095 5963 ‚provenerit
1113 5895 1208 5962 (da
1226 5912 1282 5966 p.
1309 5897 1390 5960 18,
1414 5896 1453 5950 1.
1472 5908 1542 5946 2ο
1563 5911 1597 5947 a
1620 5911 1679 5963 p.
1712 5909 1794 5963 19,
1816 5896 1856 5948 1.
1880 5894 1935 5961 8)
1954 5893 2025 5946 cf.
2128 5897 2357 5966 disfacta
2390 5898 2539 5948 nella
2571 5904 2726 5949 terra
2745 5932 2794 5963 ‚.

230 5979 520 6044 Cam-om,
562 5979 769 6045 1133C
804 5993 836 6031 e
878 5991 1034 6044 1134.
2305 5977 2329 6014 ⁴
2364 5985 2519 6034 Inter
2551 5981 2766 6034 kx...-
2804 5982 2933 6033 nrbe
2959 5981 3040 6048 (11.
3087 5981 3298 6051 16-18).
3336 5982 3522 6035 Perla
3545 5984 3815 6051 pax-tensa
3837 5980 3929 6034 del

402 6061 429 6099 ²
469 6063 873 6117 &annatim
908 6064 1129 6117 claudat
1165 6023 1253 6128 (11.
1285 6065 1459 6133 9-12).
1532 6064 1663 6116 Tali
1684 6063 1899 6117 notizie
1932 6078 2024 6116 so·
2129 6065 2296 6117 Passi
2331 6064 2402 6117 da
2438 6065 2572 6117 Pisa
2607 6063 2677 6116 cf.
2715 6080 2772 6132 p.
2829 6077 2911 6131 15,
2948 6067 3089 6118 nota
3129 6079 3178 6117 1.

4077 3224 4234 3273 Mun..
4264 3212 4341 3266 1⁵⁸0

4084 3339 4125 3371 c.
4152 3338 4206 3379 u
4235 3334 4257 3372 8

3967 3500 4286 3543 Frater-tari«
4324 3515 4407 3543 no·

3984 5829 4055 5883 30
