4823 7100
549 1210 593 1244 C·

547 2382 589 2414 C·

620 1207 738 1250 259·

609 2374 721 2420 251

536 3435 719 3480 (υἱόν

459 3650 610 3704 Mun„

879 487 982 561 20
1106 516 1110 523 ·
2194 479 2690 556 Mam-THE}
2741 477 3256 555 RALMERH

4121 635 4570 647 ffl-

873 751 1125 842 ligatas
1163 752 1239 833 in,
1280 762 1490 840 portu
1532 771 1748 819 naves
1790 752 2005 819 nostri
2063 751 2402 831 viderent,
2465 750 2599 817 rati
2658 767 2747 816 ex
2803 760 3169 825 ventorum
3229 748 3512 835 impetu,
3559 747 3617 815 si
3661 748 4033 838 ligamenta
4075 748 4581 827 inciderentur,

874 880 1088 928 naves
1130 862 1225 929 ad
1270 872 1523 937 terram
1564 858 1910 947 perditum
1955 860 2078 939 be,
2124 859 2195 927 vi
2238 871 2446 948 atque
2476 857 2678 924 minis
2706 856 2866 923 illas
2892 857 3409 948 aggrediuntur.
3498 855 3841 925 Ductores
3871 855 4171 936 navales,
4203 855 4364 944 quia
4391 876 4581 927 met-

880 965 1184 1055 oennarij
1233 976 1431 1033 erant
1476 979 1547 1034 et
1589 988 1731 1034 non
1774 978 1923 1034 erat
1965 966 2383 1032 frumentum
2428 964 2808 1052 proprium,
2856 982 3014 1041 cum
3058 964 3133 1029 in
3176 975 3431 1030 metum
3476 964 3830 1052 ingentem
3860 962 4306 1033 devenismt
4335 975 4414 1030 et
4454 961 4576 1029 Pti-

876 1090 1077 1140 sanos
1119 1094 1454 1161 nusquam
1499 1072 1744 1141 adesse
1791 1073 2129 1152 viderent,
2176 1072 2403 1140 statim
2453 1090 2861 1151 convenere,
2904 1082 3001 1151 ut,
3047 1082 3342 1156 accepta
3383 1082 3691 1151 vectura,
3738 1070 4156 1141 frumentum
4186 1070 4439 1137 darent
4483 1080 4582 1147 et,

888 1179 1033 1246 mis
1075 1178 1388 1248 omnibus
1430 1179 1654 1261 salvis,
1699 1189 1848 1248 tute
1893 1180 2334 1247 discederent
2356 1177 2398 1246 ¹.
2487 1179 2642 1245 Hec
2688 1177 3018 1245 frumenti
3078 1176 3287 1264 copia
3343 1188 3539 1245 tanta
3597 1177 3752 1257 fixit,
3794 1188 3873 1245 ut
3887 1174 3906 1223 '-
3949 1197 4093 1244 non
4133 1176 4358 1243 solum
4402 1175 4582 1245 Floe.
4663 1172 4696 1241 5

872 1287 1295 1365 teminorum
1341 1290 1608 1368 milites,
1654 1310 1892 1358 verum
1937 1291 2144 1357 etiam
2192 1309 2407 1378 equos
2453 1301 2823 1376 ceteraque
2867 1287 3175 1357 iumenta
3216 1306 3488 1355 menses
3533 1286 3794 1375 aliquot
3834 1298 4159 1375 pasceret
4180 1286 4228 1353 ¹.

944 1406 955 1415 '
1050 1393 1427 1483 Postquam
1470 1396 1649 1465 Pisis
1691 1399 1826 1464 hec
1873 1406 2227 1484 comperta
2269 1407 2447 1475 sunt,
2479 1395 2724 1484 ingens
2754 1393 3144 1481 desperatio
3191 1406 3595 1460 cunctorum
3627 1395 3893 1465 animos
3922 1393 4110 1481 cepit
4152 1392 4368 1483 quasi,
4401 1410 4582 1481 quo-

875 1522 1148 1590 cunque
1207 1505 1674 1584 adverterent,
1718 1524 1832 1571 res
1875 1503 2221 1572 contrarie
2266 1490 2644 1570 evenirent.
2734 1501 3098 1589 Principes
3142 1501 3448 1569 civitatis
3491 1522 3682 1589 spem
3725 1502 3919 1569 vultu
3962 1500 4396 1580 simulabant,
4445 1496 4577 1566 do-

872 1607 1089 1674 lorem
1132 1608 1208 1675 in
1252 1622 1538 1697 pectore
1601 1610 2151 1703 comprimebant
2162 1635 2181 1689 3
2228 1606 2478 1697 reliqui
2523 1629 2710 1688 vero,
2760 1620 2831 1677 et
2875 1609 3206 1695 precipue
3250 1608 3500 1696 quibus
3541 1608 3728 1675 nulle
3770 1597 4072 1695 parveve
4137 1619 4340 1675 erant
4381 1627 4580 1692 opes,

870 1715 1148 1800 publice
1198 1717 1739 1804 complorabant,
1785 1700 2094 1785 voces'et
2123 1737 2366 1811 manus
2396 1716 2489 1784 ad
2523 1715 2749 1784 celum
2791 1714 3227 1803 porrigentes
3274 1727 3706 1803 orantesque,
3751 1728 3829 1783 ut
3871 1715 4335 1802 propendiem
4377 1715 4582 1779 Deus
4627 1711 4699 1777 10

872 1820 1027 1888 illos
1071 1842 1158 1888 ea
1202 1823 1560 1891 obsidione
1602 1824 1948 1892 liberaret.
2039 1823 2301 1891 Verum
2349 1822 2578 1911 sepius
2620 1821 2927 1891 virorum
2985 1822 3234 1889 virtute
3296 1843 3502 1909 quam
3562 1822 3920 1891 hominum
3979 1820 4333 1909 suppliciis
4375 1818 4578 1887 salve

807 2013 810 2017 ,
877 1926 1190 1996 civitates
1234 1930 1464 2009 fuere,
1447 1956 1464 1972 ·
1512 1950 1643 1998 nec
1687 1931 1908 1998 solum
1950 1951 2332 2019 pauperum
2376 1930 2577 2011 votis,
2621 1930 2753 1996 sed
2793 1928 3082 1997 divitum
3115 1929 3483 1996 collatione
3514 1939 3723 2017 atque
3768 1922 4122 2015 opulentia
4163 1927 4585 2015 populorum

871 2034 1125 2100 auxilia
1167 2048 1517 2122 parantur.
1609 2037 1841 2105 Pisani
1886 2037 2071 2105 inter
2115 2056 2191 2104 se
2236 2038 2417 2104 male
2466 2035 2871 2116 concordes,
2918 2057 3049 2102 nec
3080 2034 3410 2103 tributum
3440 2036 3858 2137 persolvere,
3905 2054 4042 2102 nec
4086 2046 4372 2105 externa
4417 2031 4583 2100 sub·-

872 2139 1046 2207 sidia
1092 2162 1338 2228 parare
1384 2127 1952 2223 assentiebantur3
2000 2166 2139 2232 qua
2181 2142 2566 2231 pertinacia
2609 2143 2872 2209 factum
2918 2152 3043 2221 est,
3089 2154 3165 2209 ut
3209 2128 3523 2230 plerique
3567 2142 3924 2276 universas
3966 2160 4078 2209 res
4119 2158 4276 2208 suas
4303 2140 4584 2207 auritte-

870 2257 1045 2325 rent‚
1094 2249 1259 2335 quia
1306 2273 1540 2318 earum
1586 2263 1854 2338 partem
1900 2251 2298 2338 expendere
2344 2248 2787 2318 noluissent.
2740 2245 2766 2285 ⁸
4633 2242 4701 2310 15

1045 2353 1221 2420 Cum
1268 2368 1495 2422 essent
1537 2356 1646 2423 his
1688 2356 1878 2445 anxi]
1922 2354 2158 2425 Pisani
2203 2355 2413 2434 curis,
2460 2356 2651 2421 circa
2694 2354 2863 2444 iunij
2912 2354 3251 2423 kalendas
3266 2353 3296 2394 ⁴
3325 2353 3772 2424 continuatis'
3801 2355 4130 2423 imbribus
4172 2352 4408 2421 Arnus
4453 2354 4586 2419 im-

872 2475 1109 2526 mense
1157 2470 1262 2528 est
1306 2472 1550 2531 auctus
1563 2487 1582 2541 3
1630 2485 1838 2551 quam
1885 2462 2420 2550 oportunitatem
2480 2462 2616 2548 ipsi
2676 2460 2882 2542 nacti,
2932 2460 3320 2528 eradicatus
3379 2462 3665 2531 arbores
3708 2463 4134 2551 innexaeque
4186 2472 4260 2529 et
4317 2479 4585 2529 conca-

871 2576 1117 2633 stratas
1160 2569 1642 2662 premittentes
1684 2569 1935 2661 trabes,
1980 2590 2299 2659 magnam
2345 2580 2507 2655 post
2548 2567 2703 2635 illas
2728 2568 3074 2656 lignorum
3105 2578 3365 2635 struem
3409 2570 3643 2636 medio
3687 2569 3992 2635 fluminis
4021 2569 4290 2656 impetu
4335 2567 4583 2634 conia-

872 2691 1067 2750 cere3
1130 2693 1336 2761 quam
1399 2695 1681 2769 omnem
1731 2674 1963 2769 multis
2020 2674 2224 2743 undis
2283 2685 2557 2743 vectam
2617 2686 2826 2762 atque
2890 2674 3328 2742 convolutam
3388 2674 3749 2742 materiam
3807 2675 4011 2741 simul
4072 2694 4231 2741 cum
4271 2673 4582 2740 fluminis

869 2789 1072 2864 rapto
1119 2780 1210 2845 ad
1256 2798 1512 2848 novum
1570 2762 1854 2867 pontem
1913 2760 2188 2874 impulit
2244 2781 2497 2847 fluctus
2553 2792 2882 2869 tantaque
2929 2781 3004 2845 in
3068 2802 3247 2860 eum,
3294 2781 3603 2848 nondum
3664 2781 3830 2848 satis
3874 2780 4414 2848 substentaculis
4461 2779 4578 2844 fir·
4620 2780 4702 2844 20

865 2904 1074 2965 mum,
1120 2887 1601 2979 superingesta
1645 2898 1748 2955 est
1791 2884 2132 2981 lignorum
2176 2888 2514 2975 perplexa
2559 2886 2948 2975 congeries,
2989 2898 3067 2979 ut
3109 2886 3405 2976 fluminis
3450 2886 3793 2954 meatibus
3838 2887 4109 2965 clausis,
4156 2904 4312 2952 cum
4358 2906 4583 2974 aqua-

871 3010 1023 3054 rum
1075 2994 1353 3089 pondus
1397 2993 1521 3059 illa
1567 2994 2009 3087 coacervatio
2057 2992 2352 3082 amplius
2396 2992 2776 3060 substinere
2839 3013 2978 3060 non
3021 3005 3278 3080 posset,
3323 3012 3463 3059 una
3506 3014 3683 3083 pons
3727 2993 4210 3081 lignorumque
4254 3011 4462 3059 mons
4507 3003 4582 3063 et

870 3096 1161 3186 pelagus
1191 3098 1654 3167 dilabuntur.
1608 3097 1634 3135 ¹⁵
1703 3101 1890 3194 Inter
1919 3101 2053 3168 hec
2086 3094 2368 3190 quidam
2401 3121 2440 3166 e
2471 3100 2873 3191 pistoriensi
2901 3117 3073 3188 agro
3119 3100 3388 3180 milites,
3421 3099 3952 3187 oportunitatem
3986 3098 4206 3166 secuti
4236 3098 4586 3191 gravioris

870 3204 1009 3271 celi
1048 3223 1266 3297 usque
1309 3206 1400 3272 ad
1447 3217 1684 3293 portas
1725 3184 1917 3274 urbis
1961 3206 2327 3299 predatum
2372 3217 2729 3299 vagantes,
2778 3206 3170 3299 capiuntur.
3258 3207 3407 3272 Hos
3463 3204 3976 3299 interrogantes
4025 3202 4270 3274 Pisani
4305 3225 4578 3295 cogno·-

869 3332 1034 3378 vere
1064 3316 1349 3401 pontem
1395 3334 1554 3404 cum
1596 3312 1879 3381 flumine
1922 3310 2197 3403 abiisse.
2288 3311 2731 3381 Arbitrantes
2773 3312 2992 3407 igitur
3033 3312 3538 3380 transaminum
3586 3313 3971 3400 presidium
4017 3312 4390 3380 velocitate
4419 3313 4577 3400 ple—
4619 3308 4696 3378 25

877 3417 1171 3483 nissimi'
1217 3418 1437 3511 amnis
1482 3396 1573 3488 ab
1620 3421 1932 3487 exercitu
1992 3420 2146 3487 fore
2209 3420 2510 3488 divisum
2568 3420 2785 3509 idque
2845 3420 3086 3506 paucis
3131 3419 3529 3487 custodibus
3571 3420 3806 3500 fidum,
3855 3421 4022 3513 quia
4067 3440 4199 3488 nec
4242 3421 4412 3487 satis
4463 3439 4578 3486 ro-

873 3532 1158 3591 stratum
1219 3526 1451 3594 adhuc
1511 3546 1640 3594 nec
1701 3526 2030 3595 vallatum
2090 3528 2338 3608 fuerat,
2385 3527 2571 3594 idem
2616 3525 2829 3593 humo
2876 3545 3220 3616 coequare
3265 3526 3679 3615 cogitarunt,
3725 3537 4091 3617 antequam
4150 3525 4583 3616 navigabiles

875 3629 1152 3698 fierent'
1214 3632 1513 3699 fluminis
1571 3632 1884 3701 vertices.
1974 3634 2385 3701 Convocato
2447 3632 2654 3722 igitur
2713 3633 2943 3724 statim
3003 3632 3288 3744 populo,
3350 3633 3523 3701 urbe
3596 3633 4039 3722 tumultuarie
4100 3633 4584 3723 egrediuntur.

875 3736 1157 3804 Itineris
1202 3739 1449 3805 ductor
1493 3750 1645 3807 erat
1688 3738 1862 3807 Cola
1905 3739 2189 3819 Mattus‚
2236 3739 2356 3828 qui
2400 3739 2645 3826 paucis
2687 3739 3184 3831 mercennariis
3229 3741 3576 3830 equitibus
3619 3761 3778 3806 cum
3820 3738 4091 3807 Pisanis
4150 3751 4587 3808 remanserat

867 3844 1148 3931 quando
1195 3845 1513 3932 Guaspar
1541 3841 1828 3914 Pactius
1858 3843 2077 3914 abivit
2110 3868 2197 3912 ex
2225 3841 2437 3924 urbe3
2471 3845 2722 3934 reliqui
2769 3867 3006 3913 omnes
3049 3846 3346 3933 populus
3389 3858 3541 3916 erat
3584 3845 3901 3914 imbellis.
3979 3846 4177 3927 Cola,
4223 3844 4405 3912 nihil
4453 3867 4584 3934 pe-
4626 3847 4704 3911 30

1046 4149 1095 4189 2.
1134 4136 1906 4218 ire]S-R.ssiri-2-3.
1950 4133 2342 4214 mercennarij]
2394 4111 2733 4189 V.S..RM
2774 4133 3418 4208 niercenarij—4.ut]
3471 4133 3801 4188 met—6.
3832 4134 4183 4204 menseflR.
4222 4147 4583 4204 permenses

866 4233 917 4291 7.
955 4224 1311 4306 cunctorum]
1364 4227 1421 4280 V.
1458 4228 1834 4280 cuntorum·
1869 4221 2053 4294 quasi]
2093 4226 2150 4275 in
2186 4227 2269 4276 Μ
2308 4238 2469 4292 quas,
2507 4225 2678 4275 dende
2725 4226 2776 4276 il
2806 4224 2962 4286 Mun.
3000 4224 3169 4290 quod.
3210 4251 3276 4260 —
3314 4224 3365 4276 8.
3402 4199 3582 4289 vultu]
3650 4225 3706 4276 V.
3745 4225 3901 4276 velut
3936 4221 4094 4288 vultu
4136 4251 4202 4261 —
4252 4238 4303 4291 9.
4345 4219 4581 4290 reliqui]

876 4315 940 4366 0.
978 4285 1253 4392 reliqua-
1288 4314 1553 4384 parveve]
1594 4314 1668 4365 R.
1706 4328 2022 4382 parvaeque
2049 4341 2114 4349 —
2158 4326 2238 4366 ιο.
2267 4310 2510 4379 publice]
2550 4311 2608 4364 S.
2630 4313 2702 4366 R.
2724 4315 2803 4365 Μ
2814 4313 2940 4378 plus
2975 4309 3257 4378 publice-
3295 4312 3498 4379 voces]
3529 4315 3602 4376 R.
3629 4326 3960 4382 vocesque·
3993 4310 4202 4382 celum]
4257 4307 4311 4363 V.
4333 4313 4405 4364 P.
4430 4312 4584 4363 celos

868 4429 935 4440 —
977 4417 1058 4454 ιι.
1095 4400 1184 4472 ea]
1222 4403 1286 4454 0.
1311 4403 1469 4474 bac-
1503 4385 1822 4474 supplicijs]
1850 4401 1922 4451 R.
1961 4399 2499 4471 supplicationibus,
2537 4402 2595 4454 in
2632 4402 2691 4453 8.
2729 4400 3026 4472 supplicijs
3074 4407 3303 4462 coctam
3351 4402 3409 4458 in
3457 4400 3975 4474 supplicationibus
4023 4430 4090 4439 —
4134 4401 4580 4472 14-15amittee

771 4502 800 4556 5
862 4490 1009 4558 rent]
1060 4491 1129 4542 L.
1165 4492 1502 4545 amicta-ent
1539 4520 1604 4528 —
1650 4505 1674 4541 1
1684 4502 1730 4555 ς.
1768 4469 1983 4558 earum]
2021 4492 2060 4544 I.
2098 4504 2393 4542 eorum—
2438 4487 2519 4540 16.
2558 4487 2728 4559 iuniss
2778 4492 2843 4543 O.
2881 4489 3110 4556 iuuj—
3155 4488 3331 4554 16-17.
3371 4489 3646 4564 immenso
3665 4487 3775 4558 est]
3802 4490 3875 4542 R.
3899 4492 3983 4543 est
4005 4490 4326 4560 immense·
4351 4486 4578 4560 auctus]

867 4578 1045 4634 ltu.
1079 4582 1307 4640 erectus.
1331 4607 1398 4618 —
1453 4588 1535 4644 17.
1584 4577 2058 4645 oportunitatem]
2107 4580 2171 4634 0.
2204 4578 2261 4630 V.
2284 4578 2343 4630 8.
2365 4577 2538 4630 R.M.
2576 4578 3065 4647 opportunitatem
3106 4605 3173 4616 —
3214 4577 3389 4643 17-18.
3427 4576 3838 4652 concastratns]
3880 4578 3950 4628 R.
3972 4580 4055 4630 M.
4090 4577 4483 4646 constipatam
4521 4576 4580 4628 8.

864 4666 1209 4727 constrictas
1241 4696 1308 4707 -
1346 4666 1430 4719 18.
1465 4665 1880 4735 premittentes]
1908 4668 1977 4719 L.
2016 4666 2416 4737 premictentes
2439 4693 2506 4730 -τ-
2534 4680 2619 4718 20.
2646 4664 2834 4734 rapto]
2863 4668 2935 4717 R.
2962 4669 3040 4732 ΔΜ.
3066 4669 3234 4733 raptu
3261 4692 3284 4704 -
3307 4665 3544 4733 fluctus]
3577 4665 3634 4717 V.
3660 4666 3901 4736 fluentur
3936 4693 3960 4707 ·
3993 4663 4456 4736 substentaculis]
4496 4669 4581 4719 Μ

864 4755 1266 4822 sustentaculi·
1289 4783 1356 4794 -
1386 4769 1574 4810 2o-21.
1598 4753 1846 4821 firmum]
1872 4758 1938 4807 P.
1975 4771 2123 4808 om.
2160 4782 2227 4793 —
2266 4768 2352 4806 21.
2392 4753 2676 4823 perplexa]
2718 4754 2789 4804 R.
2810 4757 2893 4806 Μ.
2931 4754 3228 4822 complexa
3268 4781 3291 4814 -‚
3326 4754 3580 4810 fluminis
3618 4755 3896 4810 meatibus
3928 4753 4161 4821 chunis]
4201 4756 4238 4805 l.
4261 4757 4332 4806 L.
4368 4754 4582 4820 clausis

863 4843 1115 4898 fluminis
1151 4845 1426 4897 meatibus
1451 4870 1475 4883 -
1498 4845 1779 4902 meatibus
1798 4841 2031 4909 clausis]
2057 4845 2113 4896 ab
2156 4845 2215 4896 C.
2239 4860 2299 4894 ,ιιι
2336 4845 2507 4895 litura
2542 4869 2610 4882 -
2649 4856 2735 4896 22.
2762 4840 3030 4912 amplius]
3068 4845 3137 4895 P.
3173 4859 3321 4896 ouen.
3360 4869 3383 4881 -
3416 4842 3760 4909 substinere]
3798 4846 3884 4895 Μ.
3918 4829 4196 4902 distinere
4232 4869 4256 4882 -
4290 4842 4380 4909 et]
4431 4846 4489 4902 V.
4513 4859 4580 4897 ac

747 4947 812 4985 ιο
869 4961 936 4972 -
974 4945 1060 5000 23.
1096 4931 1571 5002 oportunitatem]
1610 4934 1675 4984 Θ.
1711 4931 1846 4984 RS.
1866 4932 1936 4982 R.
1956 4935 2039 4984 Μ.
2078 4932 2566 5001 opportunitatem
2591 4958 2615 4972 ·
2639 4930 2846 4998 secuti]
2883 4934 2946 4984 0.
2982 4933 3037 4984 V.
3062 4931 3131 4982 R.
3152 4935 3235 4985 M.
3271 4933 3500 4999 sequuti
3523 4960 3588 4969 —
3617 4945 3700 4998 24.
3726 4930 4044 5000 predatum]
4080 4933 4154 4988 in.
4176 4934 4259 4986 M
4285 4933 4348 4990 la
4371 4935 4579 4998 Μαῖα

860 5022 915 5078 εἰ
946 5015 1130 5088 legg«,
1169 5037 1311 5073 come
1346 5024 1415 5074 ka
1448 5028 1717 5087 stampato
1750 5023 1803 5072 tl
1833 5022 2013 5085 Mun..
2050 5021 2353 5088 praelatum
2391 5049 2460 5059 —
2499 5031 2679 5088 24-25.
2728 5020 3069 5088 cognovere]
3110 5022 3176 5072 0.
3194 5023 3261 5072 P.
3299 5024 3692 5090 cognth
3725 5049 3793 5060 —
3843 5020 3929 5073 26.
3966 5019 4176 5087 amnis]
4214 5022 4283 5072 P.
4320 5021 4576 5089 agmins-

865 5135 934 5147 -
974 5118 1058 5174 27.
1094 5108 1305 5176 adhuc]
1357 5111 1414 5163 V.
1450 5112 1635 5164 aduhc
1672 5138 1739 5147 —
1768 5123 1852 5174 29.
1889 5107 2131 5175 Mettus]
2182 5112 2245 5161 0.
2267 5110 2486 5170 Matus3
2525 5109 2595 5160 L.
2618 5109 2842 5162 Maetus
2878 5135 2902 5148 ·
2928 5107 3346 5177 mercennarijs]
3388 5111 3447 5162 V.
3465 5109 3532 5160 P.
3554 5109 3614 5161 S.
3635 5109 3708 5161 R.
3729 5110 3812 5161 M.
3834 5110 4189 5177 maneriis
4215 5135 4282 5146 —
4309 5121 4400 5176 3⁰·
4423 5108 4578 5162 Gua-

861 5196 1019 5266 spar]
1058 5197 1116 5248 S.
1145 5197 1215 5248 R.
1237 5200 1320 5250 M.
1362 5198 1583 5268 Gaspar
1621 5225 1645 5236 -
1678 5199 1926 5251 abivit..
1946 5234 1960 5250 .
1979 5234 1992 5248 .
2017 5196 2280 5267 populus]
2325 5198 2383 5249 S.
2422 5215 2571 5250 omm.
2611 5224 2635 5236 -
2661 5195 2865 5262 abirit]
2909 5199 2969 5251 C.
3008 5213 3190 5250 aveva
3225 5198 3511 5265 dapprima
3545 5197 3688 5265 abiit
3724 5204 3953 5251 corneto
3989 5199 4046 5248 is
4083 5197 4262 5249 abivit
4296 5212 4396 5248 con
4433 5216 4501 5248 an
4536 5213 4575 5248 v

862 5287 1207 5340 meramors
1240 5312 1264 5326 ·
1304 5285 1480 5353 nihil]
1517 5288 1557 5338 l.
1592 5287 1778 5344 nichil

750 5465 811 5520 15
1044 5447 1067 5486 ¹
1101 5454 1358 5506 secondo
1399 5454 1442 5505 il
1485 5452 1776 5518 Carrom,
1820 5469 1957 5522 1134
1973 5455 2037 5520 Β,
2064 5455 2108 5507 n
2132 5469 2313 5521 grano
2338 5454 2409 5507 fu
2431 5468 2596 5523 preso
2622 5456 2668 5508 il
2779 5467 2906 5518 om,
2933 5456 3053 5520 798,
3080 5455 3240 5521 pai-la
3265 5455 3410 5510 della
3426 5455 3823 5522 dispensione
3841 5455 3935 5510 dei
3952 5453 4173 5516 Pisaniz
4197 5455 4242 5510 u
4262 5454 4576 5517 Panum.

867 5550 943 5591 22.
973 5538 1219 5606 main.
2773 5539 2964 5608 ampla
3001 5541 3463 5592 rettoricamente
3498 5541 3549 5592 le
3582 5541 3775 5607 parole
3808 5539 3901 5594 del
3937 5541 4203 5598 cronlon-

1039 5618 1065 5654 2
1101 5622 1456 5678 lama...
1484 5629 1736 5687 pasceret
1769 5623 1865 5690 (da
1900 5639 1956 5690 Ρ.
1987 5638 2071 5690 ι9,
2095 5624 2133 5676 l.
2162 5637 2228 5690 19
2253 5638 2287 5674 a
2310 5639 2368 5690 Ρ.
2394 5636 2481 5688 20,
2514 5623 2554 5675 1.
2590 5623 2670 5691 6).
2952 5620 2980 5655 ⁴
3017 5623 3063 5675 n
3100 5622 3379 5678 Curam
3409 5623 3676 5688 specifica
3711 5624 3758 5678 u
3785 5625 3986 5692 giam
4013 5621 4461 5694 wamba,
4483 5637 4574 5684 0⁸.-
4624 5633 4683 5686 ²5

865 5707 1045 5760 Come
1082 5707 1346 5760 abbiamo
1383 5707 1541 5760 detto
1566 5708 1712 5762 nella
1730 5707 2072 5775 menzione,
2093 5723 2148 5777 p.
2169 5721 2292 5772 iux,
2313 5709 2672 5770 ΠΡΔι-κιιιιιι
2776 5707 2911 5759 duta
2947 5708 3040 5760 nel
3082 5706 3218 5774 1406
3253 5709 3296 5760 11
3331 5720 3403 5760 20
3437 5709 3661 5777 maggio
3699 5708 3793 5774 (et.
3835 5708 4182 5771 Commi,
4222 5717 4310 5773 ss,
4345 5723 4407 5764 n.
4447 5706 4515 5773 2).

862 5791 940 5842 ba
975 5790 1238 5855 desunto,
1287 5791 1694 5859 ampliandolo,
1731 5792 1773 5844 n
1808 5794 2085 5845 racconto
2134 5791 2277 5844 della
2325 5807 2490 5859 presa
2523 5793 2664 5846 dene
2950 5787 2975 5823 ὅ
3014 5791 3143 5843 Cum
3179 5798 3369 5843 essent.
3384 5825 3402 5843 .
3419 5825 3465 5844 ..
3500 5793 3812 5844 dilabuntur
3835 5791 3914 5858 (u.
3955 5790 4161 5859 16-23).
4196 5790 4241 5850 Π
4268 5790 4557 5852 Cutem,

742 5890 811 5928 20
860 5875 997 5925 navi
1033 5872 1124 5925 dal
1147 5873 1681 5940 Carrom‚1134A
1707 5890 1738 5927 e
1761 5875 1825 5937 B,
1864 5874 1953 5927 dal
1988 5877 2428 5980 Βυοιιιιιειιοιιι,
2456 5874 2559 5943 798
2583 5888 2668 5942 ag.
2777 5888 2916 5942 1134
2932 5875 2997 5939 C,
3033 5889 3205 5928 narra
3241 5873 3384 5928 della
3420 5874 3769 5932 distruslone
3802 5876 3896 5928 del
3940 5877 4117 5941 ponte
4153 5874 4565 5932 attribuendola

861 5971 894 6010 e
931 5958 1005 6012 da
1037 5958 1155 6011 Sea
1188 5958 1406 6019 Nom,
1444 5968 1530 6026 53.
2770 5960 2880 6012 alla
2912 5960 3080 6029 piena
3126 5958 3375 6023 d’Arno3
3411 5959 3527 6012 Sea
3574 5959 3779 6012 Nomu.
3807 5974 3842 6028 e
3875 5959 3921 6014 u
3969 5959 4407 6022 Buoumssom,
4446 5970 4565 6026 799,

1039 6036 1064 6073 ³
1099 6043 1450 6108 Postquam..
1500 6044 1842 6096 ,noluissent
1875 6041 1961 6111 (11.
2002 6040 2176 6109 7·.15)
2247 6044 2296 6095 11
2329 6044 2662 6097 Βιιοιιιιιειι-
2771 6043 3006 6113 pat-lano
3042 6042 3218 6098 anche
3253 6042 3400 6096 dello
3438 6045 3842 6110 stratagemma
3871 6042 3972 6098 det
3999 6042 4215 6102 Phant-
4615 6051 4679 6107 30
