4823 7100
1211 430 1354 511 DE
1408 424 2119 511 CAPTIVITATE
2170 422 2650 512 PISARUM
2703 422 3019 508 LIBER
3869 421 3966 511 27

1814 588 3190 600 mmm-mammem

262 722 425 771 neos
470 704 562 771 ad
606 704 969 772 consilium
1016 722 1166 771 esse
1215 700 1612 781 censebant,
1662 720 2038 791 coramque
2087 699 2420 787 expositis
2468 699 2994 769 conditionibus
3036 718 3167 786 per
3207 698 3512 766 Bindum
3561 717 3718 765 cum
3750 697 3966 766 Gam-

263 809 546 876 bacurta
588 809 923 889 tractatis,
970 830 1059 875 ex
1101 808 1394 899 Consilii
1441 808 1639 874 unita
1682 806 1912 875 statim
1943 826 2121 874 voce
2153 806 2267 873 via
2295 805 2642 893 pactionis
2686 804 3002 896 eligitur3
3049 818 3121 873 et
3149 804 3252 871 ita
3280 803 3489 872 unitis
3520 803 3836 872 omnibus
3868 802 3974 870 ni-

260 934 535 1004 grarum
580 914 897 983 fabarum
927 913 1282 1005 suffragiis
1314 914 1700 982 decretum·
1732 925 1859 980 est.
1950 912 2134 980 Gino
2156 922 2476 999 preterea
2504 910 2871 999 Capponio
2917 922 2988 977 et
3029 910 3524 978 Bartholomeo
3567 909 3971 979 Corbinellc

261 1020 655 1087 mandatum
687 1033 812 1102 est,
837 1033 919 1088 ut·
932 1020 1284 1088 florentini
1318 1020 1567 1108 populi
1591 1019 1871 1087 nomine
1895 1018 2316 1105 prenarratis
2347 1016 2858 1085 conditionibus
2888 1017 3196 1104 pisanam
3225 1016 3467 1084 urbem
3501 1017 3905 1104 acciperent
3927 1014 3968 1083 ¹.

191 1124 223 1192 5
434 1126 603 1195 Post
646 1127 778 1195 hec
820 1147 1119 1215 propere
1167 1126 1387 1194 Ginus
1431 1126 1502 1192 in
1548 1137 1779 1193 castra
1821 1146 2140 1192 reversus
2187 1143 2344 1191 cum
2390 1122 2800 1191 Corbinello
2863 1123 3190 1190 convenit
3249 1135 3320 1191 et
3376 1122 3664 1203 Lucam,
3724 1122 3970 1189 militie

262 1232 667 1320 principem,
712 1232 1228 1322 nobilioresque
1274 1242 1753 1301 convocarunt
1797 1232 2146 1321 agminum
2193 1232 2433 1298 duces.
2526 1229 2856 1298 Sfortiam
2903 1229 3164 1297 deinde
3209 1241 3281 1296 et
3322 1229 3704 1297 Tartaliam
3736 1228 3970 1296 multis

264 1337 489 1411 verbis
534 1350 912 1428 gravarunt
956 1341 1049 1407 ad
1093 1360 1366 1427 pacem,
1411 1339 1602 1407 illam
1647 1338 2110 1405 necessariam
2155 1338 2311 1404 fore
2358 1338 2715 1404 edicentes
2758 1335 2850 1402 ad
2881 1334 3098 1402 decus
3125 1336 3492 1403 maximum
3538 1355 3970 1424 consequen-

272 1445 450 1511 dum.
544 1445 871 1513 Difficilis
914 1446 1274 1513 conclusio
1320 1445 1490 1524 fuit3
1537 1457 2006 1513 verumtamen
2053 1466 2096 1511 a
2141 1442 2452 1530 pluribus
2495 1443 2720 1510 amice
2767 1443 3192 1531 multumque
3239 1443 3565 1531 fatigatis,
3610 1443 3776 1509 unio
3821 1454 3972 1511 tan-

264 1552 418 1618 dem
465 1553 658 1620 facta
701 1564 805 1620 est
831 1550 878 1620 ².
968 1553 1162 1619 Inter
1207 1553 1344 1619 hec
1387 1552 1640 1641 viginti
1685 1549 1965 1619 obsides
2009 1550 2362 1617 Florentia
2404 1549 2708 1636 profecti
2754 1560 2932 1630 sunt,
2982 1549 3346 1616 clarissimi
3375 1550 3699 1636 profecto
3730 1538 3973 1618 adole-

163 1654 227 1724 10
265 1669 558 1738 scentes,
607 1679 897 1746 quorum
940 1670 1176 1746 patres
1219 1658 1289 1724 in
1344 1658 1702 1745 republica
1745 1656 2130 1744 principes'
2175 1655 2660 1743 splendebant.
2751 1655 2844 1721 Hi
2889 1666 3254 1742 postquam
3298 1655 3370 1721 in
3415 1655 3656 1723 castris
3700 1674 3957 1723 conve-

269 1784 430 1832 nere
456 1763 506 1845 ⁸,
554 1778 626 1833 et
668 1764 1136 1833 Gambacurte
1182 1765 1569 1831 nuntiatum
1616 1775 1720 1831 est
1761 1774 2015 1832 cuncta
2063 1776 2305 1850 parata
2364 1783 2539 1843 esse,
2599 1762 2848 1829 timore
2892 1760 3009 1827 ille
3052 1762 3413 1849 perculsus
3466 1760 3830 1843 dubitavit,
3876 1782 3967 1830 ne

263 1871 538 1959 trepida
583 1872 846 1952 civitas,
892 1888 1031 1960 que
1075 1872 1351 1938 fuerant
1368 1930 1376 1940 .
1396 1883 1576 1950 acta,
1623 1881 2101 1960 cognosceret,
2147 1869 2228 1950 si,
2273 1880 2348 1935 ut
2392 1878 2889 1949 convenerant,
2938 1867 3011 1934 in
3054 1866 3269 1935 Libre
3300 1870 3551 1936 Fracte
3584 1887 3752 1935 arce
3783 1869 3966 1936 obsi·

264 1978 383 2045 des
406 1976 421 2006 '
469 1978 987 2046 clauderentur.
1078 1976 1307 2045 Dubio
1351 1976 1569 2065 igitur
1614 1988 1820 2065 atque
1866 1976 2212 2044 hesitante
2243 1976 2386 2055 illo,
2417 1975 2693 2042 Bracha
2722 1974 3031 2042 securius
3059 1993 3209 2042 esse
3239 1977 3580 2062 persuasit
3620 1995 3771 2043 sese
3804 1977 3970 2043 Flo-

265 2085 693 2155 rentinorum
738 2081 1078 2171 prefectis
1122 2082 1428 2170 fideique
1474 2081 1767 2150 credere
1812 2081 2023 2170 idque
2070 2082 2300 2148 statim
2361 2080 2546 2149 Gino
2604 2091 2813 2169 atque
2872 2079 3274 2149 Corbinello
3319 2094 3750 2169 compertum
3795 2082 3968 2151 fecit

162 2186 224 2254 15
269 2200 335 2257 et
375 2192 472 2259 ad
523 2190 1030 2258 conficiendum
1077 2189 1466 2276 proximum
1512 2185 1697 2255 diem
1744 2189 2171 2257 constituunt
2194 2186 2240 2254 ⁴.

437 2298 743 2377 Deinde,
788 2309 1153 2385 postquam
1194 2295 1473 2363 Bracha
1514 2294 1823 2375 recessit,
1869 2295 2275 2363 convocatis
2317 2314 2620 2383 propere
2664 2294 2980 2364 omnibus
3025 2298 3372 2364 exercitus
3417 2297 3707 2365 ducibus
3762 2309 3968 2387 atque

267 2404 630 2490 prefectis,
678 2403 929 2472 Ginum
974 2404 1049 2469 in
1092 2405 1283 2470 hunc
1326 2402 1607 2469 modum
1654 2402 1959 2469 locutum
2004 2401 2273 2470 ferunt:
2339 2401 2728 2482 Credimus,
2788 2404 2977 2491 quod
3020 2402 3171 2490 ipsa
3225 2425 3457 2471 rerum
3508 2405 3962 2471 humanarum

265 2511 572 2591 domina,
604 2511 903 2591 fortuna,
934 2511 1247 2598 pisanam
1281 2509 1628 2577 civitatem
1660 2507 1863 2576 nobis
1893 2509 1987 2574 ita
2020 2510 2388 2589 concedet,
2421 2522 2517 2588 ut,
2549 2509 2670 2597 qui
2700 2510 2773 2575 in
2805 2530 2889 2575 ea
2915 2522 3224 2597 presunt,
3257 2510 3430 2580 dent
3457 2530 3966 2600 quemcumque

267 2617 602 2707 eligemus
644 2617 1046 2707 ingressum.
1139 2617 1288 2682 Nos
1331 2615 1524 2681 illam
1569 2614 1773 2682 salvis
1817 2613 2226 2681 Pisanorum
2273 2615 2476 2683 bonis
2519 2616 2846 2705 accipere
2891 2615 3339 2684 intendimus.
3430 2617 3577 2684 Vos
3607 2637 3775 2708 ergo
3820 2638 3967 2683 ma-

154 2724 225 2788 20
263 2724 440 2791 xime
488 2723 769 2791 virtutis
814 2722 948 2789 viri
995 2733 1066 2789 et
1112 2720 1449 2788 bellorum
1494 2721 1715 2809 gnari,
1761 2722 2342 2809 quemadmodum
2388 2720 2468 2787 id
2497 2741 2958 2809 assequamur,
2991 2722 3348 2790 consulite.
3444 2722 3658 2791 Varie
3689 2724 3974 2791 fuerunt

265 2829 521 2896 ducum
566 2830 937 2896 sententie:
988 2827 1247 2896 Stortia
1288 2838 1559 2914 portam
1603 2826 1928 2917 eligebat,
1975 2847 2113 2915 que
2160 2827 2359 2895 ducit
2402 2827 2478 2893 in
2526 2846 2830 2914 campos,
2875 2827 3185 2896 securius
3232 2848 3388 2897 esse
3432 2829 3698 2911 dicens,
3745 2831 3969 2918 prius-

263 2958 460 3024 quam
508 2936 932 3022 procedatur
972 2934 1282 3014 nlterius,
1327 2945 1595 3020 partem
1624 2933 1814 2999 illam
1848 2933 2145 3000 civitatis
2174 2934 2528 3001 instructis
2559 2932 2841 3001 aciebus
2884 2947 3158 3011 tenere;
3207 2934 3561 3005 Tartalias
3601 2936 3967 3004 florentine

261 3054 456 3129 porte
502 3041 939 3129 preponebat
983 3041 1385 3129 ingressum,
1433 3040 1673 3108 turrim
1718 3039 1979 3108 habere
2024 3058 2434 3108 asseverans
2478 3052 2547 3107 et
2590 3040 2819 3108 vicum
2863 3041 3001 3107 situ
3042 3040 3373 3123 validum,
3404 3063 3539 3131 que
3583 3044 3746 3112 loca
3788 3044 3969 3110 mili-

262 3155 433 3214 tum·
480 3145 806 3235 presidiis
850 3147 1160 3215 securius
1200 3157 1518 3234 poterant
1564 3147 1933 3225 custodiri3
1978 3146 2269 3213 aderant
2315 3146 2544 3226 etiam,
2576 3145 2822 3235 quibus
2851 3146 3214 3215 videbatur
3259 3169 3389 3236 per
3430 3149 3658 3217 noctis
3695 3150 3968 3217 silentia

152 3250 221 3318 25
262 3265 475 3322 turres
523 3263 896 3342 portasque
940 3252 1265 3320 militibus
1310 3273 1587 3340 capere,
1638 3253 1895 3321 deinde
1944 3253 2135 3320 clara
2196 3252 2355 3321 luce
2414 3251 2766 3320 civitatem
2829 3273 2985 3319 cum
3047 3254 3232 3319 omni
3294 3255 3611 3324 exercitu
3668 3256 3962 3344 ingredi.

264 3358 421 3438 Que
465 3360 833 3439 sententie,
879 3380 1036 3426 cum
1080 3360 1306 3427 studio
1349 3360 1567 3450 magis
1609 3360 1902 3447 partium
1948 3380 2154 3448 quam
2196 3380 2330 3448 pro
2375 3359 2564 3428 bono
2608 3380 2653 3426 a
2694 3358 2908 3446 varijs‘
2943 3360 3133 3427 varie
3167 3371 3571 3430 tenerentur
3614 3376 3686 3431 et
3727 3363 3961 3432 multi-

266 3465 509 3532 fariam
556 3464 1071 3553 implicarentur
1112 3485 1343 3545 voces,
1392 3466 1611 3534 Ginus
1641 3466 1904 3534 indicto
1951 3466 2096 3532 acri
2143 3485 2320 3533 voce
2365 3465 2675 3532 silentio:
2723 3465 3013 3546 Tacete,
3059 3465 3305 3554 inquit,
3361 3479 3432 3534 et
3474 3468 3967 3549 recordamini,

265 3573 440 3659 quia,
488 3594 658 3660 sepe
703 3571 1121 3640 iactantibus
1165 3573 1384 3653 vobis,
1430 3592 1557 3640 nos
1600 3572 1997 3662 intelligere
2044 3573 2355 3642 voluistis
2397 3593 2602 3660 posse
2647 3593 2773 3640 vos
2817 3572 2889 3640 vi
2946 3583 3017 3640 et
3077 3572 3336 3640 virtute
3397 3574 3688 3643 militum
3748 3598 3968 3663 expu-

264 3691 507 3768 gnatas
554 3699 806 3767 capere
868 3678 1080 3747 Pisas.
1172 3678 1270 3748 At
1327 3701 1539 3759 nunc,
1585 3700 1743 3746 cum
1787 3678 1986 3748 vobis
2029 3700 2532 3769 quemcumque
2591 3680 2797 3747 vultis
2848 3680 3091 3747 damus
3135 3680 3538 3771 ingressum,
3584 3682 3961 3752 dubitatis?

154 3785 225 3849 30
262 3784 783 3873 Recognoscite
831 3784 1020 3852 dicta
1064 3799 1295 3854 vestra
1340 3798 1411 3854 et
1456 3806 1662 3874 quam
1707 3786 2114 3853 indecorum
2158 3787 2245 3852 sit
2274 3798 2592 3854 strenuos
2621 3788 2806 3853 viros
2837 3786 3180 3854 imbellem
3208 3787 3566 3874 populum,
3600 3788 3968 3860 obsidione

265 3903 329 3958 et
370 3893 563 3958 fame
609 3903 1052 3971 maceratum,
1101 3891 1361 3960 timere.
1456 3890 1671 3959 Silete
1720 3912 1912 3981 ergo,
1960 3904 2032 3959 et
2075 3911 2201 3958 vos
2246 3892 2653 3981 equitesque
2703 3905 2771 3959 et
2813 3892 3084 3979 pedites
3131 3911 3373 3959 omnes
3417 3906 3686 3962 vestros
3727 3897 3822 3964 ad
3866 3896 3970 3963 in·

264 4017 569 4087 gressum
611 4016 741 4084 per
769 3998 1203 4065 florentinam
1235 4008 1507 4085 portam
1537 4011 1804 4086 parate,
1834 4010 2336 4087 premonentes,
2367 4009 2447 4067 ut
2488 3998 2637 4065 sine
2684 3998 2902 4085 preda
2932 3998 3159 4065 aliove
3203 3998 3433 4066 hostili
3463 3999 3958 4089 ingrediantur,

263 4105 319 4171 si
359 4107 615 4193 laqueo
660 4104 927 4173 solvere
972 4125 1190 4195 penas
1234 4106 1505 4185 nolunt3
1554 4126 1714 4173 nam
1761 4105 2045 4174 omnino
2090 4103 2513 4172 intendimus
2559 4104 2902 4172 neminem
2944 4125 3021 4172 se
3080 4105 3283 4172 aliter
3327 4125 3597 4195 gerere,
3645 4130 3851 4196 quam
3909 4112 3968 4177 si

266 4212 616 4280 Florentie
659 4212 891 4279 medio
935 4212 1010 4277 in
1056 4212 1214 4280 foro
1261 4213 1681 4282 deambulet.
1772 4213 1956 4280 Tum
2001 4213 2557 4280 Franceschinus
2616 4212 2931 4301 quidam·
2991 4211 3533 4282 Mirandulensis
3593 4219 3957 4286 turmarius

446 4527 494 4563 1.
540 4509 990 4578 conditionibus]
1030 4511 1095 4563 0.
1131 4510 1596 4563 condictionibus
1635 4539 1700 4548 —
1728 4522 1776 4562 2.
1804 4506 2075 4579 Consilij]
2122 4512 2187 4564 Ο.
2210 4512 2276 4562 Ρ.
2311 4513 2366 4563 V.
2413 4509 2691 4579 ConsUiJs
2728 4539 2794 4548 -
2820 4526 2871 4577 4.
2895 4509 3345 4578 conditionibus]
3376 4512 3440 4563 0.
3466 4510 3917 4565 condictionibus
3945 4539 3968 4554 -

266 4595 314 4648 8.
348 4592 638 4663 fatigatis]
678 4594 741 4647 Ο.
781 4596 1059 4660 faticatisg
1097 4597 1133 4646 Ι.
1161 4594 1418 4648 faticatis
1442 4600 1671 4646 correcto
1707 4597 1763 4645 in
1795 4593 2053 4662 fatigatis
2080 4624 2146 4634 -
2179 4609 2259 4647 11.
2286 4592 2635 4660 nuntiatum]
2673 4595 2740 4645 P.
2763 4596 2836 4646 R.
2856 4597 2941 4646 M.
2966 4598 3295 4648 nunciatum
3335 4621 3360 4635 ·
3383 4595 3608 4664 cuncta]
3631 4598 3699 4648 P.
3725 4599 3920 4650 omnia
3944 4626 3968 4638 -

269 4680 376 4746 ille]
424 4682 493 4733 0.
533 4696 682 4732 omn.
726 4708 792 4718 —
834 4693 914 4731 12.
952 4678 1146 4748 Libre]
1196 4680 1259 4731 0.
1280 4680 1346 4730 P.
1370 4680 1443 4730 R.
1478 4680 1624 4749 Ripe
1662 4708 1727 4718 —-
1775 4691 1851 4745 13.
1889 4677 2133 4745 Bracha]
2174 4679 2242 4734 Ο.
2264 4681 2330 4730 Ρ.
2351 4682 2426 4733 R.
2464 4680 2676 4743 Braca3
2727 4679 2784 4731 V.
2820 4678 3071 4731 Braecba
3109 4703 3132 4718 ·
3172 4677 3318 4744 sese]
3360 4680 3418 4733 S.
3440 4682 3513 4732 R.
3536 4681 3621 4732 M.
3672 4681 3721 4732 si
3776 4696 3837 4733 se
3895 4709 3960 4719 -

272 4779 346 4830 14.
382 4762 635 4830 credere]
675 4765 756 4815 M.
794 4762 1043 4816 crederet
1079 4789 1104 4802 -
1141 4761 1301 4829 fecit]
1342 4763 1401 4814 S.
1442 4762 1556 4814 fuit
1595 4791 1661 4802 —-
1711 4761 1793 4813 16.
1834 4761 2071 4829 Bracha]
2119 4765 2184 4816 O.
2209 4766 2275 4815 P.
2298 4764 2369 4814 R.
2407 4763 2618 4827 Braca3
2670 4763 2727 4814 V.
2766 4763 3015 4816 Braccha
3050 4788 3075 4802 ·
3109 4761 3365 4832 recessit]
3404 4765 3584 4816 Ru.
3630 4764 3890 4817 discessit
3939 4790 3962 4805 ··

186 4860 212 4913 5
265 4846 619 4914 convocatis]
662 4851 734 4900 R.
771 4847 1136 4915 congregatis
1161 4875 1228 4885 —
1259 4855 1340 4912 17.
1380 4844 1664 4916 prefectis]
1706 4848 1778 4898 R.
1816 4846 2155 4911 prefectibus
2194 4872 2217 4885 ·
2253 4843 2486 4911 Ginum]
2528 4846 2594 4897 0.
2632 4861 2782 4896 omns.
2809 4871 2833 4884 -
2857 4844 3131 4913 locutum]
3177 4847 3242 4899 0.
3265 4848 3346 4899 M.
3374 4846 3664 4915 loquutum
3689 4871 3714 4887 ·
3738 4846 3955 4918 ferunt]

267 4934 327 4985 Ο.
364 4934 563 4986 ferunt
598 4933 806 4986 Ginum
832 4957 856 4971 ·
885 4929 1198 4996 Credimus]
1224 4931 1282 4981 in
1324 4932 1386 4984 C.
1422 4930 1687 4982 Px‘uelvs'ale
1723 4926 1752 4979 ἃ
1787 4937 1940 4983 rossa
1967 4960 2033 4970 —-
2066 4931 2147 4982 18.
2184 4928 2442 4997 presunt]
2482 4932 2555 4981 R.
2577 4930 2659 4980 Μ.
2698 4929 2952 4998 praesint
2986 4955 3009 4967 -
3045 4930 3459 4997 quemcumque]
3499 4934 3538 4983 l.
3560 4934 3628 4984 L.
3654 4946 3957 5000 quemcun-

266 5030 397 5083 que3
438 5018 505 5070 0.
530 5019 590 5070 S.
626 5030 993 5083 quencunque
1031 5044 1096 5053 —
1138 5029 1220 5082 19.
1260 5012 1549 5084 eligemus]
1592 5013 1657 5065 Ο.
1681 5013 1751 5064 R.
1771 5015 1856 5065 M.
1893 5014 2150 5082 eligimus
2187 5039 2212 5052 -
2246 5013 2581 5065 Pisanorum
2617 5010 2805 5077 bonis]
2846 5012 2918 5064 R.
2939 5015 3022 5065 Μ.
3061 5015 3229 5066 bonis
3265 5015 3602 5068 Pisanorum
3628 5046 3694 5056 —
3732 5029 3816 5068 21.
3857 5032 3965 5085 que

266 5102 411 5152 ducit
446 5102 512 5153 in
549 5098 798 5167 campos]
840 5099 899 5153 S.
937 5100 997 5150 in
1033 5101 1249 5169 campis
1284 5101 1474 5151 invene
1509 5099 1572 5150 da·
1605 5100 1666 5151 in
1702 5112 1964 5164 campos3
2004 5100 2074 5150 R.
2094 5101 2177 5150 M.
2204 5113 2309 5166 que
2335 5098 2542 5149 dicitur
2567 5096 2626 5146 in
2652 5097 2863 5165 eampis
2889 5123 2956 5133 —
2983 5110 3067 5163 23·
3096 5098 3466 5167 preponebat]
3498 5102 3566 5151 P.
3595 5102 3956 5171 proponebat

268 5209 288 5222 ·
322 5182 672 5249 asseverans]
727 5185 1153 5250 V-,assecurans
1189 5209 1214 5222 -
1248 5185 1363 5236 situ
1398 5181 1670 5249 validum]
1709 5184 1777 5234 P.
1815 5182 2064 5236 validum
2098 5182 2213 5233 situ
2248 5209 2315 5219 —-
2355 5180 2441 5232 26.
2479 5179 2560 5247 et]
2598 5182 2664 5232 P.
2707 5183 2762 5234 V.
2799 5184 2866 5234 ut
2903 5212 2970 5222 —
3009 5195 3095 5249 ²9·
3134 5182 3552 5251 quemcumque]
3589 5187 3627 5236 I.
3669 5186 3737 5236 L.
3776 5199 3964 5252 quem-

163 5280 218 5317 ιο
268 5283 519 5335 cunque;
557 5269 622 5321 O.
661 5269 721 5321 S.
758 5281 1129 5334 quencunque
1166 5296 1230 5305 —
1269 5280 1355 5332 30.
1392 5265 1581 5334 quam]
1621 5268 1677 5319 V.
1705 5281 1848 5332 quae
1886 5292 1908 5305 ·
1947 5265 2241 5333 imbellem]
2271 5268 2330 5318 S.
2351 5267 2436 5318 M.
2464 5265 2820 5330 imbecillem3
2851 5268 2924 5318 R.
2962 5267 3294 5319 imbecillum
3334 5294 3401 5305 —
3426 5282 3513 5335 31.
3548 5269 3874 5335 equitesque
3907 5274 3969 5323 et

269 5352 504 5420 pedites]
553 5354 617 5406 O.
643 5351 856 5419 equites
893 5352 1215 5421 peditesque
1243 5377 1265 5390 -
1286 5348 1531 5416 vestros]
1558 5353 1626 5402 P.
1654 5366 1803 5402 onum.
1831 5380 1896 5389 —
1922 5362 2006 5415 3²·
2032 5349 2218 5402 aliove
2240 5349 2463 5417 hostili]
2489 5351 2546 5402 in
2569 5353 2652 5403 Μ.
2676 5352 2868 5403 aliove
2891 5350 2923 5401 ὁ
2943 5352 3281 5418 illeggibe'lq
3304 5353 3357 5403 il
3374 5354 3530 5405 Mun.
3554 5351 3762 5405 eoseum
3784 5353 3965 5407 solum

267 5436 465 5489 hostile
492 5462 518 5477 -
542 5434 957 5503 ingrediantur]
988 5436 1046 5487 S.
1084 5435 1470 5504 ingredientur
1498 5464 1563 5473 —
1589 5446 1674 5502 33.
1713 5450 1772 5487 se
1808 5435 1974 5488 aliter
2009 5432 2223 5501 gerere]
2250 5436 2318 5486 P.
2343 5435 2510 5488 aliter
2532 5448 2592 5488 se
2615 5448 2807 5502 gerere
2834 5463 2900 5473 -—
2938 5449 3024 5502 34.
3051 5435 3138 5503 in]
3162 5438 3231 5488 P.
3268 5452 3420 5488 onem.
3443 5463 3467 5475 ·
3493 5437 3966 5506 Franeeschinus]

267 5522 302 5570 l.
324 5521 388 5573 O.
410 5523 470 5573 S.
494 5523 566 5573 R.
587 5521 670 5572 Μ.
708 5519 1140 5573 Francischinus

435 5720 457 5757 ¹
498 5724 603 5775 His
624 5723 777 5775 robus
792 5758 806 5776 .
823 5759 837 5774 .
854 5759 869 5775 .
886 5759 903 5777 .
927 5724 1234 5789 acciperent
1259 5721 1348 5790 (da
1368 5740 1423 5794 p.
1446 5721 1534 5788 26,
1552 5723 1589 5777 l.
1615 5732 1681 5790 27
1702 5739 1738 5777 a
1760 5740 1818 5792 p.
1839 5734 1923 5790 27,
1944 5724 1980 5774 1.
2003 5724 2060 5793 4)
2344 5719 2370 5756 ³
2411 5723 2506 5776 Gli
2541 5724 2767 5794 ostaggi
2803 5723 3068 5794 giunsero
3105 5724 3169 5779 in
3202 5738 3402 5795 campo
3424 5721 3507 5777 1⁹8
3531 5724 3761 5778 ottobre
3785 5720 3965 5790 (Cn-

165 5812 215 5866 15
263 5806 330 5859 cf.
368 5805 656 5872 Cutem,
701 5821 839 5874 ¹140
857 5806 1006 5860 c-D.
2172 5819 2336 5871 rom,
2380 5822 2518 5873 1140
2554 5806 2642 5873 E).

434 5889 461 5924 ²
498 5893 633 5944 Post
697 5893 904 5945 hem...
945 5893 1114 5962 sacta
1175 5900 1260 5946 est
1310 5892 1399 5959 (u.
1456 5892 1584 5962 5-9)
1633 5892 1708 5947 ef.
1771 5891 2064 5958 cir-rom,
2348 5887 2375 5924 ⁴
2414 5892 2566 5945 Inter
2599 5893 2808 5946 hem...
2842 5894 3168 5946 mutium
3211 5891 3289 5960 (u.
3330 5892 3490 5961 9-15)
3541 5891 3616 5948 cf.
3667 5891 3966 5959 Cat-rom,
4021 5896 4093 5937 ²0

270 5988 398 6046 1139
421 5977 489 6031 C.
2176 5989 2313 6046 1139
2335 5976 2399 6031 C.

4107 1675 4261 1722 Mna..
4293 1674 4368 1719 1⁸7

4115 3176 4299 3219 &37⁷

4108 4250 4151 4283 c.
4178 4242 4291 4288 378
