4823 7100
760 2438 959 2487 acuo
1003 2438 1100 2486 m
1147 2438 1515 2488 sruc‘m‘ro
1563 2440 1745 2488 vnto
1791 2421 2039 2488 Nmuo
2070 2420 2449 2488 cix-pomo
2492 2418 2908 2487 Mm-rmrus
2935 2419 3368 2487 Firmus
3411 2437 3749 2488 mum
3777 2440 3951 2489 PLU-

788 2546 1037 2593 mmm
1081 2546 1301 2594 mcrr.
1336 2564 1420 2574 —
1467 2528 1672 2594 Hunc
1716 2526 1963 2595 librum
2007 2527 2247 2615 pisane
2279 2525 2696 2613 captivitatis
2740 2525 3092 2594 historiam
3139 2526 3607 2594 continentem
3652 2538 3774 2594 tuo
3819 2548 3945 2596 no-

786 2631 951 2698 mini
997 2633 1336 2700 dicassem
1369 2645 1439 2699 et
1469 2634 1560 2700 ad
1605 2645 1675 2700 te
1706 2633 2063 2712 misissem,
2110 2632 2171 2699 si
2219 2631 2610 2719 exemplum
2656 2632 3008 2711 haberem,
3057 2631 3248 2719 quod
3291 2632 3477 2698 idem
3521 2643 3797 2700 veteres
3838 2633 3947 2699 fa-

787 2738 1155 2806 ctitassent.
1246 2739 1509 2807 Verum
1540 2739 1859 2819 admiror,
1893 2752 1962 2806 et
1994 2761 2119 2807 cur
2149 2738 2416 2806 factum
2457 2739 2548 2805 sit
2578 2738 2838 2817 nescio,
2872 2738 3086 2827 quod,
3119 2759 3276 2805 cum
3304 2738 3622 2827 plerique
3654 2738 3938 2807 aliarum

171 2845 204 2911 5
244 2865 464 2913 rerum
513 2845 884 2932 scriptores
928 2865 1086 2912 suos
1118 2843 1327 2912 libros
1372 2843 1868 2914 excellentibus
1896 2844 2169 2913 mittant
2212 2845 2401 2924 viris,
2449 2846 2586 2911 hoc
2632 2844 2821 2912 idem
2866 2863 3009 2911 non
3054 2843 3356 2911 fecerint
3400 2844 3740 2926 historici,
3784 2867 3944 2933 pre-

242 2953 465 3018 sertim
516 2971 671 3017 cum
717 2951 888 3017 nihil
934 2951 1121 3018 aliud
1149 2952 1320 3025 ¹fere
1365 2951 1458 3018 sit
1501 2951 1793 3018 historia
1852 2951 1982 3018 nisi
2031 2951 2414 3019 celebratio
2459 2951 2764 3018 virorum
2823 2950 3206 3018 illustrium.
3299 2950 3466 3031 Sed,
3515 2971 3671 3017 cum
3730 2952 3819 3018 sit
3863 2952 3934 3019 in

241 3056 585 3144 preceptis
629 3080 823 3124 usum
870 3067 1227 3125 auctorum
1274 3058 1607 3145 precipue
1655 3077 1805 3125 esse
1850 3057 2299 3145 sequendum,
2346 3077 2437 3124 ne
2483 3070 2889 3145 preceptum
2950 3056 3273 3146 ignorare
3319 3069 3440 3124 aut
3484 3069 3933 3125 contemnere

240 3164 495 3243 videar,
529 3162 778 3230 librum
808 3164 938 3231 tibi
969 3185 1108 3230 non
1152 3164 1350 3231 mitto
1382 3163 1644 3230 editum
1691 3164 1966 3231 nomine
2012 3177 2153 3242 tuo,
2184 3163 2332 3244 sed,
2366 3176 2733 3250 antequam
2778 3163 2976 3229 illum
3023 3161 3337 3230 emittere
3367 3162 3720 3250 incipiam,
3753 3163 3940 3232 dono

241 3269 356 3337 tibi
400 3269 521 3349 d0,
569 3290 652 3337 ea
698 3270 991 3336 maxime
1038 3269 1375 3337 adductus
1419 3290 1651 3350 causa,
1683 3269 1891 3358 quod,
1926 3269 2264 3358 quidquid
2307 3269 2380 3335 in
2426 3270 2558 3335 hac
2590 3268 2877 3335 historia
2918 3267 3148 3335 laudis
3178 3280 3302 3348 est,
3333 3280 3602 3354 partem
3631 3268 3765 3337 sibi
3793 3291 3941 3336 ma-

132 3376 200 3441 10
239 3376 488 3441 ximam
551 3395 675 3442 suo
736 3375 883 3441 iure
944 3374 1271 3442 vendicat
1333 3374 1574 3452 Ginus,
1637 3388 1836 3462 pater
1881 3388 2054 3443 tuus.
2144 3375 2347 3443 Vale.

410 3481 769 3549 Mamm
820 3479 1190 3567 PALMEmJ
1234 3499 1683 3549 FLORENTINI
1730 3502 1824 3547 DE
1868 3500 2366 3549 οΑΡΤινη-ΑΤΕ
2408 3481 2746 3548 hamum
2789 3501 3010 3549 unm
3052 3500 3355 3549 mcn’rr.
3402 3480 3609 3547 Leon
3659 3500 3937 3549 rmor-

238 3610 401 3657 TER.
451 3627 541 3638 —
588 3588 603 3619 '
629 3589 818 3656 Inter
862 3591 1159 3656 humane
1206 3589 1348 3656 vite
1394 3601 1729 3676 precepta
1771 3588 2306 3678 reconditasque
2354 3588 2704 3656 doctrinas
2735 3601 2804 3656 et
2837 3587 3340 3655 laudatissimus
3370 3599 3573 3668 artes,
3606 3609 3778 3676 quas
3806 3588 3937 3655 viri

234 3697 459 3786 magni
506 3697 861 3764 imitantur
906 3707 979 3762 et
1024 3707 1381 3782 appetunt,
1429 3695 1527 3761 nil
1573 3706 1679 3761 est
1723 3695 1942 3785 magis
1986 3695 2366 3762 secundum
2411 3706 2749 3774 naturam,
2795 3716 3002 3783 quam
3048 3714 3175 3781 pro
3232 3692 3547 3761 omnibus
3589 3693 3933 3785 gentibus,

235 3802 289 3866 si
331 3803 482 3871 fieri
526 3802 763 3889 possit,
813 3801 1324 3880 conservandis,
1373 3813 1464 3880 et,
1510 3802 1567 3867 si
1613 3820 1742 3887 pro
1787 3801 2105 3869 omnibus
2149 3801 2297 3868 fieri
2341 3822 2488 3867 non
2530 3801 2764 3888 possit,
2812 3811 3117 3867 attamen
3159 3820 3289 3888 pro
3335 3799 3565 3867 multis
3626 3800 3742 3867 vel
3798 3821 3935 3888 pro

130 3904 194 3971 15
236 3930 353 3975 sua
382 3919 654 3975 tantum
683 3907 1050 3995 republica
1094 3908 1408 3996 ingentes
1456 3907 1727 3974 labores
1769 3908 2121 3995 suscipere
2153 3920 2224 3974 et
2252 3929 2365 3974 res
2395 3928 2683 3997 magnas
2711 3919 2921 3994 atque
2953 3905 3268 3973 difficiles
3299 3927 3459 3973 cum
3490 3905 3835 3997 dignitate
3868 3919 3942 3974 et

234 4015 620 4083 constantia
649 4015 1145 4082 administrare.
1236 4012 1352 4079 Ad
1382 4014 1565 4080 hanc
1597 4014 1976 4082 claritatem
2007 4013 2665 4102 amplitudinemque
2696 4012 3215 4100 assequendam,
3248 4033 3408 4079 cum
3438 4023 3672 4079 cetera
3704 4012 3939 4081 omnia

232 4121 455 4189 animo
489 4136 562 4189 et
592 4123 1008 4211 cogitatione
1057 4121 1557 4208 complecteris,
1592 4119 1776 4188 civili
1809 4120 2183 4208 disciplina
2226 4120 2812 4188 accommodatius
2857 4118 3028 4185 nihil
3071 4132 3279 4207 atque
3312 4119 3539 4206 aptius
3569 4119 3937 4185 inveneris.

402 4229 654 4298 Civilis
701 4229 886 4295 enim
935 4227 1321 4314 disciplina,
1367 4229 1424 4294 si
1456 4228 1580 4295 illa
1624 4248 1829 4316 quam
1873 4227 2188 4295 volumus
2235 4227 2383 4306 erit,
2419 4226 2580 4294 boni
2611 4225 2950 4294 senatoris
2977 4226 3441 4312 prudentiam,
3475 4225 3588 4292 cui
3633 4225 3936 4292 omnium

232 4333 564 4404 bonarum
609 4357 836 4402 rerum
883 4335 1208 4401 adiuncta
1250 4335 1338 4402 sit
1384 4334 1741 4421 sapientia,
1790 4334 2193 4402 continebit.
2289 4332 2508 4412 Quod
2556 4343 2887 4421 quantum
2933 4333 3020 4399 sit
3066 4332 3204 4399 vite
3251 4354 3496 4400 munus
3542 4352 3779 4398 omnes
3826 4332 3933 4397 vi·-

118 4443 190 4504 20
232 4442 499 4520 demus3
552 4441 828 4530 assequi
874 4450 1108 4507 tamen
1153 4439 1349 4519 illud,
1397 4440 1529 4506 nisi
1573 4441 1939 4508 multarum
1984 4441 2572 4529 maximarumque
2616 4461 2845 4505 rerum
2900 4437 3319 4528 cognitione,
3367 4458 3506 4505 non
3552 4457 3931 4524 possumus.

396 4547 893 4638 Cognitionem
937 4566 1107 4613 vero
1153 4566 1383 4613 rerum
1428 4545 1687 4613 habere
1734 4566 2166 4636 nequaquam
2214 4544 2558 4627 valemus:
2604 4545 2734 4611 nisi
2777 4545 2988 4634 longa
3028 4543 3452 4633 precesserit
3494 4557 3641 4611 etas
3672 4555 3789 4611 aut
3820 4566 3929 4612 as-

227 4654 425 4723 sidua
468 4665 932 4741 accurataque
980 4651 1279 4721 dederit'
1328 4652 1559 4720 lecti0.
1651 4654 1931 4722 iuvenis
1974 4653 2201 4743 igitur,
2248 4654 2422 4721 licet
2467 4674 2610 4721 non
2653 4652 2741 4719 sit
2781 4674 2907 4740 per
2952 4664 3206 4719 etatem
3236 4652 3532 4719 idoneus
3560 4650 3652 4717 ad
3684 4651 3929 4741 cogni-

224 4762 480 4829 tionem
528 4781 764 4829 earum
809 4782 1065 4838 rerum,
1111 4780 1247 4847 que
1295 4758 1366 4825 in
1412 4759 1560 4827 vita
1606 4760 1798 4839 fiunt,
1844 4772 2167 4839 attamen,
2212 4760 2341 4826 nisi
2386 4760 2478 4826 sit
2522 4760 2761 4826 inhers
2806 4770 2876 4825 et
2918 4757 3254 4825 maiorum
3297 4768 3499 4849 gesta
3558 4756 3932 4848 diligenter

224 4867 624 4959 perlegerit,
653 4888 883 4933 rerum
916 4878 988 4933 et
1016 4877 1399 4951 temporum
1435 4864 1907 4954 cognitionem
1953 4866 2423 4953 consequitur,
2457 4877 2527 4932 et
2557 4864 2931 4931 senectutis
2974 4875 3175 4953 grato
3207 4876 3415 4953 atque
3445 4866 3736 4931 honesto
3765 4863 3932 4930 fun-

110 4970 181 5037 25
224 4974 402 5061 gitur
446 4994 757 5052 munere,
805 4971 1312 5059 maioribusque
1363 4985 1530 5038 natu
1577 4972 1653 5039 fit
1706 4972 1993 5040 consilio
2040 4983 2113 5039 et
2155 4971 2529 5059 prudentia
2572 4993 2722 5059 par.

401 5204 449 5241 1.
490 5188 727 5257 Magno]
766 5188 809 5239 Ρ
827 5190 889 5240 Μ
922 5189 980 5239 in
1020 5189 1082 5240 C.
1121 5186 1152 5238 ὸ
1187 5201 1434 5249 αιιωννο,
1470 5186 1525 5236 in
1562 5187 1601 5238 I.
1642 5183 1671 5236 ὃ
1705 5187 1927 5237 miniato
1965 5213 1991 5226 -
2023 5184 2102 5253 et]
2143 5188 2218 5238 R.
2256 5201 2322 5238 ac
2362 5213 2388 5226 -
2425 5185 2705 5254 spectato]
2757 5186 2816 5238 S.
2864 5188 3179 5252 expectato,
3242 5186 3300 5239 V.
3349 5186 3636 5256 espectato
3673 5211 3698 5226 ·
3732 5185 3932 5254 Nerio]

223 5273 279 5325 S.
315 5275 504 5324 Nereo
542 5299 567 5312 -
605 5270 932 5341 Capponio]
967 5272 1036 5323 L.
1076 5269 1348 5340 Caponog
1390 5272 1448 5321 S.
1487 5270 1612 5321 aad.
1649 5270 1837 5323 arnico
1864 5270 2238 5323 dilectissimo
2265 5297 2290 5310 -
2313 5268 2622 5334 Mattheus]
2650 5272 2720 5321 P.
2746 5270 3005 5322 Matheus
3034 5296 3101 5307 —
3124 5285 3175 5337 3.
3203 5268 3526 5337 dicansem]
3576 5271 3640 5321 0.
3680 5268 3933 5323 dedicas-

219 5371 327 5408 sem
366 5384 433 5395 —
475 5371 589 5424 3-4.
626 5354 1012 5423 factitassent]
1053 5357 1127 5407 R.
1164 5354 1371 5407 factita
1408 5357 1600 5406 essent
1637 5382 1702 5391 —
1744 5369 1793 5419 4.
1830 5353 1981 5422 cum]
2030 5356 2097 5405 P.
2132 5356 2189 5406 V.
2240 5354 2333 5406 cui
2374 5380 2399 5393 -
2432 5352 2713 5422 plerique]
2766 5356 2839 5406 R.
2862 5356 2944 5406 M.
2992 5355 3319 5423 plerumque
3358 5381 3425 5392 —
3466 5364 3514 5419 5.
3559 5353 3815 5419 mittant]
3861 5358 3930 5407 L.

222 5444 491 5504 mictant3
517 5443 586 5492 P.
620 5441 677 5491 V.
698 5440 782 5489 u.
833 5440 1074 5491 mittunt
1107 5465 1174 5477 —
1212 5438 1262 5490 6.
1302 5439 1476 5505 nihil]
1517 5441 1557 5491 l.
1596 5438 1778 5489 nichil
1816 5466 1883 5477 —
1923 5452 1972 5503 7.
2008 5437 2328 5506 auctorum]
2356 5439 2424 5490 L.
2445 5440 2514 5489 P.
2535 5440 2609 5490 R.
2636 5439 2971 5503 authorum3
3012 5438 3174 5491 VAE
3198 5439 3460 5491 autorum
3485 5465 3510 5478 -
3543 5440 3928 5506 contemnere]

152 5535 179 5588 5
218 5527 281 5576 L.
318 5528 725 5593 contempnere
760 5550 827 5561 —
866 5524 916 5575 8.
954 5520 1211 5589 nomine]
1252 5523 1311 5575 S.
1351 5523 1573 5574 nomini
1599 5549 1666 5560 —
1701 5536 1781 5573 xo.
1822 5536 1927 5574 suo
1967 5521 2113 5590 iure]
2149 5525 2219 5574 P.
2258 5537 2409 5574 omne.
2450 5548 2475 5561 -
2511 5521 2799 5590 vendicat]
2825 5525 2897 5574 R.
2923 5521 3182 5575 vindicat
3206 5552 3273 5561 —
3305 5519 3772 5592 11.2Matthei....
3796 5522 3931 5575 feli·

215 5607 376 5673 citer]
408 5610 472 5660 C.
500 5624 530 5657 e
554 5608 593 5660 l.
617 5607 676 5656 in
703 5623 846 5657 rosso
869 5632 894 5645 -
920 5606 1177 5660 Matthei.
1195 5642 1207 5656 .
1227 5644 1239 5658 .
1260 5643 1273 5657 .
1312 5606 1596 5672 Pisarum]
1624 5609 1706 5657 M.
1734 5622 1884 5657 omm.
1913 5632 1937 5645 -
1964 5604 2229 5671 Matthei]
2258 5608 2326 5657 P.
2353 5606 2571 5659 Mathei
2596 5632 2621 5645 ·
2645 5607 2928 5673 Pharum]
2953 5608 3027 5658 R.
3055 5608 3181 5658 add.
3206 5607 3457 5660 historia
3480 5633 3505 5646 -
3525 5606 3671 5659 liber
3694 5607 3928 5678 incipit]

216 5693 282 5741 P.
306 5707 456 5741 onem.
487 5717 510 5729 -
536 5691 684 5756 Lege
717 5689 990 5757 feliciter]
1039 5692 1103 5742 0.
1121 5693 1192 5742 P.
1231 5705 1380 5741 otum.
1422 5716 1489 5726 —
1534 5702 1614 5754 13.
1654 5690 1762 5756 nil]
1808 5689 1872 5743 Ο.
1909 5689 2046 5742 V.S.
2068 5692 2150 5741 M.
2192 5690 2368 5754 nihi13
2405 5693 2444 5741 l.
2487 5691 2667 5742 nichil
2705 5718 2772 5730 —-
2816 5701 2898 5757 17.
2935 5688 3349 5761 complecteris]
3375 5686 3720 5758 lnporum.
3756 5693 3864 5743 ete.
3901 5718 3927 5731 -

218 5774 387 5840 nihil]
428 5776 470 5825 I.
510 5774 686 5825 nichil
738 5801 791 5811 —
835 5787 917 5839 19.
955 5774 1255 5840 bonarum]
1310 5775 1368 5825 V.
1405 5773 1643 5827 aliarum
1668 5799 1693 5812 -
1715 5772 2006 5839 adiuncta]
2035 5773 2094 5826 S.
2118 5773 2358 5827 adianto.
2382 5800 2407 5813 -
2433 5773 2554 5830 vite
2579 5772 2804 5841 munus]
2834 5778 2905 5827 R.
2932 5776 3067 5827 vite.
3084 5810 3099 5826 .
3118 5810 3132 5824 .
3151 5811 3164 5826 .
3193 5787 3400 5826 munus
3423 5770 3545 5840 (sic)
3571 5799 3638 5811 —
3667 5786 3751 5826 20.
3780 5774 3923 5840 nisi]

217 5859 295 5908 Μ.
330 5857 397 5909 ni
432 5857 537 5920 tffi,
574 5858 646 5908 da
682 5859 770 5909 cus·
800 5858 852 5910 il
883 5859 1042 5909 Mun.
1080 5857 1145 5908 in
1168 5859 1285 5909 tam
1310 5886 1375 5896 —
1406 5870 1488 5908 21.
1514 5857 1716 5908 habere
1739 5854 2113 5923 nequaquam]
2138 5859 2209 5910 P.
2233 5857 2441 5911 habere
2464 5873 2783 5927 nunquam3
2809 5861 2883 5911 R.
2906 5858 2965 5911 S.
2992 5872 3339 5925 nequaquam
3366 5856 3567 5909 habere
3593 5882 3661 5896 ·-
3689 5869 3774 5909 22.
3801 5858 3927 5910 ido-

121 5951 178 5989 ιο
215 5940 370 6007 neus]
422 5943 489 5993 O.
527 5942 783 6009 ydoneus
818 5968 885 5980 —-
914 5952 999 6005 23.
1026 5940 1241 6006 inhers]
1268 5943 1305 5991 l.
1336 5941 1484 5992 ihers
1508 5957 1568 5991 su
1592 5942 1761 5992 litura
1785 5941 1848 5992 ds·
1867 5941 2051 6004 iners3
2082 5941 2148 5996 0.
2169 5943 2241 5993 R.
2262 5943 2349 5993 M.
2375 5945 2528 5995 iners
2566 5970 2633 5982 -
2673 5956 2759 6009 24.
2796 5942 3179 6011 consequitur]
3219 5943 3293 5993 R.
3317 5945 3404 5995 Μ.
3428 5944 3833 6009 οοηοεςιιοΐυη
3862 5943 3919 5995 S.

214 6027 581 6093 consequetur
613 6032 847 6078 corratio
883 6026 939 6075 in
973 6025 1337 6092 consequitur
1375 6051 1442 6063 —-
1485 6035 1568 6089 25.
1602 6024 1691 6090 fit]
1729 6026 1799 6077 L.
1820 6024 1887 6077 Ο.
1927 6025 2006 6077 sit

4105 2404 4260 2451 Mun..
4296 2406 4370 2449 m

4102 2468 4145 2503 e.
4173 2470 4200 2499 Ι
4225 2470 4252 2500 r

4089 3503 4247 3557 Mun..
4276 3504 4352 3547 1⁶5

4088 3622 4132 3655 c.
4159 3623 4185 3653 ι
4214 3617 4236 3654 t

4081 4673 4233 4724 Mun..
4265 4673 4347 4716 1⁶⁶
