4823 7100
1216 503 1362 582 DE
1417 506 2128 584 CAPTIVITATE
2178 506 2654 582 PISARUM
2705 504 3019 581 LIBER
3922 501 3967 576 5

3605 659 3968 669 -ι--υ--ο--ς

290 786 476 861 atque
522 772 759 843 deiide
803 773 1067 843 anime
1109 773 1457 853 invasere,
1492 794 1635 861 que
1674 774 1810 841 due
1842 792 1952 840 res
1993 771 2489 862 negligentiam
2534 771 2826 861 gignunt
2853 784 3063 860 atque
3106 769 3547 850 discordiam,
3607 786 3971 838 commune

290 879 571 949 civitatis
612 879 887 951 mahim.
976 879 1188 949 Bonis
1229 880 1465 968 itaque
1509 879 1769 948 artibus
1795 901 1929 967 per
1956 878 2170 947 otium
2197 891 2406 968 atque
2449 899 2699 965 pacem
2731 877 2996 957 eiectis,
3024 876 3142 944 nbi
3171 897 3302 964 per
3329 875 3744 944 discordiam
3772 875 3975 963 inge-

288 985 458 1055 nium
502 997 573 1055 et
613 985 953 1055 industria
998 986 1321 1074 viresque
1377 1008 1519 1055 una
1580 986 1959 1064 defluxere,
2001 986 2444 1053 manifestum
2489 984 2890 1053 mortalibus
2936 982 3067 1051 fuit
3117 982 3666 1070 pernitiosiorem
3723 1002 3974 1069 pacem

288 1112 475 1180 quam
519 1090 779 1159 bellum
808 1091 1143 1159 Romanis
1174 1092 1408 1160 fuisse.
1500 1093 1683 1160 Nam
1713 1090 1932 1171 brevi,
1963 1090 2269 1159 moribus
2299 1103 2457 1179 post
2484 1091 2620 1158 hec
2649 1089 3038 1169 immutatis’,
3070 1110 3199 1176 pro
3245 1088 3582 1156 modestia
3613 1099 3684 1155 et
3713 1086 3977 1155 iustitia

218 1198 250 1266 5
290 1197 541 1267 lum-ia
581 1209 789 1285 atque
834 1197 1155 1286 imquitas
1201 1199 1538 1278 invasere,
1585 1210 1982 1321 tantumque
2028 1198 2256 1265 statim
2300 1210 2407 1265 est
2450 1196 2731 1283 publica
2775 1197 3148 1264 auctoritas
3194 1194 3618 1275 dimminuta,
3649 1206 3978 1282 quantum

288 1316 379 1373 est
418 1315 623 1373 aucta
663 1304 1085 1391 privatorum
1128 1304 1433 1385 licentia,
1479 1325 1615 1394 que
1659 1304 1914 1373 sensim
1955 1305 2185 1392 primo
2228 1303 2698 1392 paulatimque
2745 1323 3158 1372 excrescens
3200 1301 3509 1369 tandem'
3564 1323 3639 1367 se
3684 1313 3975 1389 repente

288 1412 359 1480 in
390 1409 773 1498 potentiam
815 1410 1495 1499 dominationemque
1542 1410 1905 1479 convertit.

448 1516 722 1585 Amissa
764 1515 970 1606 igitur
1013 1517 1399 1604 reipublice
1445 1516 1764 1585 libertate
1809 1518 2042 1585 omnia
2085 1517 2284 1585 unius
2328 1517 2682 1585 voluntate
2724 1529 2795 1584 et
2841 1528 3009 1583 nutu
3053 1514 3492 1605 regebantur.
3585 1515 3774 1581 Hinc
3833 1538 3982 1583 ma-

287 1624 496 1695 lorum
541 1622 843 1693 omnium
874 1636 978 1691 est
1007 1636 1212 1693 aucta
1238 1622 1590 1693 materies.
1638 1644 1820 1704 nam,
1870 1624 2033 1691 licet
2074 1624 2300 1711 primo
2330 1624 2495 1691 satis
2523 1623 2772 1690 iustum
2801 1623 3101 1711 satisque
3131 1620 3639 1689 tollerandum
3618 1621 3985 1710 imperium

188 1735 251 1798 10
290 1749 426 1796 esse
467 1728 847 1809 videretur,
892 1729 1119 1798 statim
1165 1742 1393 1797 tamen
1421 1730 1495 1797 in
1524 1741 1786 1797 tantam
1816 1729 2256 1798 ambitionem
2288 1728 2817 1817 superbiamque
2850 1728 3149 1807 devenit,
3179 1741 3255 1796 ut
3281 1727 3569 1816 impium
3601 1742 3670 1795 et
3701 1729 3984 1796 crudele

285 1835 951 1924 intollerandumque
996 1837 1263 1905 factum
1310 1837 1416 1903 sit.
1507 1837 1684 1905 Cum
1730 1835 1938 1924 igitur
1984 1836 2437 1924 imperatores
2480 1835 2765 1903 nomine
2811 1847 3098 1914 tantum,
3142 1856 3222 1901 re
3283 1855 3451 1901 vero
3497 1834 3772 1924 tyranni
3817 1835 3988 1902 facti

288 1953 524 2021 essent,
572 1942 993 2015 incredibile
1035 1963 1219 2030 pene
1266 1943 1465 2013 dictu
1510 1955 1614 2010 est
1657 1962 1864 2030 quam
1908 1962 2127 2029 parvo
2173 1943 2503 2030 temporis
2546 1964 2754 2010 cursu
2797 1964 3054 2032 magna
3095 1940 3183 2008 sit
3226 1941 3400 2008 tanti
3459 1941 3731 2032 imperij
3796 1942 3989 2009 facta

288 2048 569 2117 iactura:
621 2048 811 2117 cives
853 2049 1152 2127 romani,
1200 2047 1449 2137 quibus
1494 2048 1726 2137 aliqua
1767 2048 2094 2116 nobilitas
2139 2049 2444 2117 virtusve
2475 2047 2717 2129 inerat,
2752 2048 2945 2138 quasi
2974 2046 3309 2116 libertatis
3340 2047 3526 2115 avidi
3556 2046 3988 2136 principibus

288 2153 543 2223 inimici
587 2167 842 2236 essem,
888 2175 1071 2242 pene
1118 2168 1281 2223 sunt
1320 2175 1563 2223 omnes
1603 2155 1857 2236 necati,
1913 2154 2303 2245 alienigene
2346 2155 2440 2222 ad
2481 2176 2769 2244 magnas
2813 2167 2969 2222 sunt
3014 2154 3385 2244 dignitates
3430 2153 3778 2242 assumpti,
3822 2174 3993 2241 opes

184 2259 247 2329 15
289 2274 708 2350 consumpte,
757 2261 1027 2349 direpte
1074 2260 1460 2349 provincie,
1504 2261 1579 2329 in
1621 2273 1863 2351 gentes
1906 2261 2216 2329 sevitum.
2309 2259 2584 2340 Quibus
2628 2262 2888 2351 inim-ijs
2935 2282 3092 2328 cum
3136 2261 3421 2329 multos'
3473 2260 3799 2329 mortales
3858 2259 3990 2328 sibi

287 2368 595 2437 inimicos
635 2367 968 2437 fecissent
1014 2380 1083 2435 et
1125 2368 1397 2458 imperij
1443 2368 1626 2436 vires
1653 2368 1795 2436 iam
1824 2369 1988 2435 satis
2018 2368 2372 2436 imminute
2405 2390 2557 2437 esse
2588 2368 3007 2449 viderentur,
3038 2367 3251 2436 facile
3281 2367 3416 2435 fuit
3443 2367 3738 2491 populos
3780 2380 3988 2456 atque

285 2475 595 2543 nationes
633 2474 707 2541 in
751 2474 1925 2543 sese'commovere.1mminutis
1968 2474 2184 2565 igitur
2226 2496 2355 2563 per
2398 2476 2584 2542 hunc
2631 2476 2912 2542 modum
2955 2475 3225 2566 imperij
3276 2474 3555 2555 viribus,
3599 2474 3811 2562 primi
3841 2496 3990 2541 om-

286 2582 467 2651 nium
490 2580 742 2649 Gothi
722 2580 984 2669 mgemi
1006 2580 1443 2650 multitudine
1468 2580 1705 2649 infesti
1728 2581 2072 2649 exercitus
2103 2583 2248 2651 ausi
2279 2594 2438 2649 sunt
2466 2582 2737 2649 Italiam
2766 2581 3154 2670 pervadere
3180 2603 3288 2661 ac,
3312 2581 3721 2668 pervastatis
3740 2580 3995 2668 passim

288 2697 488 2776 atque
538 2687 749 2755 erasis
792 2685 1055 2775 ubique
1099 2687 1286 2778 agris
1328 2687 1696 2777 miltisque
1742 2688 2157 2778 expugnatis
2185 2688 2488 2776 oppidis,
2520 2687 2765 2755 urbem
2795 2689 3077 2756 tandem
3108 2688 3409 2756 Romam
3439 2687 3750 2776 ingressi,
3783 2688 3991 2778 longe

177 2795 252 2861 20
290 2794 636 2872 maiorem,
668 2815 874 2881 quam
902 2814 1207 2883 nmquam
1239 2793 1409 2863 alias
1436 2796 1629 2864 facta
1656 2796 1888 2875 merit,
1917 2796 2209 2883 predam
2239 2794 2615 2883 diripuere.
2705 2793 2875 2861 Post
2906 2795 3288 2862 Gothorum
3317 2794 3703 2861 vastitatem
3735 2794 3994 2875 Hunni,

291 2900 543 2967 deinde
589 2899 910 2979 Vandali,
957 2899 1506 2990 Turcilongique
1553 2913 1625 2968 et
1654 2900 1918 2982 Heruli,
1948 2901 2333 2989 iterumque
2364 2901 2602 2981 Gothi,
2633 2913 2705 2968 et
2730 2913 2890 2989 post
2918 2921 3040 2968 eos
3068 2900 3518 2990 Langobardi
3547 2922 3677 2988 per
3706 2900 3990 2991 longum

290 3020 557 3093 tempus
600 3005 866 3075 Italiam
913 3026 1345 3094 oppressere.
1434 3009 1825 3075 Tercentos
1868 3020 1941 3075 et
1999 2988 2436 3096 septuaginta
2497 3021 2638 3075 tres
2699 3029 2916 3076 annos
2975 3008 3103 3092 (tot
3163 3008 3345 3075 enim
3406 3007 3610 3074 fuere
3673 3029 3715 3074 a
3772 3008 3996 3096 primo

289 3113 675 3181 Gothorum
714 3113 1033 3202 ingressu
1078 3114 1170 3181 ad
1211 3113 1720 3204 Langobardos
1762 3114 2108 3201 expulsos)
2153 3136 2283 3202 per
2328 3113 2597 3182 Italiam
2644 3115 3035 3183 debaccata
3080 3127 3183 3181 est
3226 3116 3362 3182 hec
3392 3112 3841 3184 barbarorum
3872 3116 3998 3180 im-

284 3218 576 3289 manitas
593 3217 637 3299 ¹,
682 3218 931 3306 quibus
961 3219 1383 3307 temporibus
1424 3221 1638 3288 multe
1666 3219 1876 3288 urbes
1907 3220 2327 3309 oppidaque,
2362 3242 2498 3308 que
2530 3222 2880 3310 quondam
2909 3218 3332 3288 nobilissima
3361 3222 3642 3288 fuerant
3670 3220 3997 3289 interiere

173 3321 245 3393 25
289 3338 355 3393 et
394 3345 582 3393 nunc
626 3337 973 3412 prostrata
1018 3338 1225 3415 atque
1272 3327 1505 3394 diruta
1546 3326 1798 3395 iacent.
1890 3325 2161 3394 Attritis
2204 3327 2486 3394 tandem
2534 3327 2730 3394 Italie
2778 3325 3028 3415 opibus
3072 3348 3340 3394 summa
3382 3349 3612 3395 rerum
3670 3328 3763 3395 ad
3824 3326 3999 3397 duos

287 3431 579 3500 maxime
624 3432 1059 3521 principatus
1105 3432 1339 3502 delata
1383 3446 1507 3512 est,
1554 3434 1647 3500 ad
1688 3433 2091 3521 pontificem
2137 3433 2427 3512 scilicet,
2475 3432 2592 3522 qui
2640 3433 3124 3501 ecclesiastica
3182 3444 3445 3501 tantum
3494 3435 3643 3500 iura
3694 3434 3997 3515 dicebat,

289 3550 356 3606 et
396 3537 913 3626 imperatorem,
961 3538 1079 3628 qui
1122 3539 1463 3608 secularia
1506 3552 1716 3628 atque
1765 3539 2017 3608 civilia.
2107 3539 2353 3607 Primis
2382 3539 2516 3608 illis
2545 3540 2989 3628 temporibus,
3018 3544 3473 3631 unoquoque'
3519 3563 3712 3610 suam
3741 3541 3998 3609 solum-

287 3645 495 3714 modo
540 3657 955 3732 potestatem
999 3659 1340 3728 servante,
1387 3647 1548 3715 satis
1596 3649 1989 3716 concordes
2042 3647 2389 3735 amicique
2449 3669 2805 3727 mansere3
2867 3660 3113 3736 postea
3173 3669 3364 3728 vem,
3427 3668 3586 3715 cum
3647 3649 4000 3716 interdum

288 3752 722 3820 confundere
768 3752 944 3840 inter
987 3774 1063 3820 se
1108 3752 1262 3821 iura
1301 3752 1705 3821 viderentur
1748 3766 1819 3821 et
1864 3753 2039 3821 alter
2082 3754 2367 3822 alterius
2408 3767 2824 3842 potestatem
2868 3777 3224 3842 usurpare,
3257 3755 3438 3822 inter
3484 3773 3607 3822 eos
3650 3754 3999 3823 discordie

173 3861 248 3924 30
289 3858 799 3948 seditionesque
846 3859 1139 3928 cohorte
1184 3873 1342 3928 sunt
1387 3872 1457 3928 et
1500 3860 1781 3928 tandem
1826 3861 1920 3928 ad
1964 3859 2220 3927 bellum
2265 3883 2595 3949 armaque
2644 3863 3052 3930 deventum:
3101 3862 3267 3928 hinc
3310 3861 3580 3929 initium
3611 3861 4006 3929 habuerunt

285 3965 631 4034 factiones
671 3966 830 4047 dne,
877 3966 1290 4035 Guelforum
1334 3990 1495 4050 una,
1525 3988 1663 4056 que
1690 3967 2059 4056 pontifices
2100 3968 2539 4056 sequebatur,
2573 3969 3072 4038 Gibellinorum
3106 3969 3346 4048 altera,
3379 3991 3515 4057 que
3545 3989 3675 4057 pro
3707 3969 4007 4057 impera-

286 4071 556 4141 toribus
600 4072 997 4142 dimicabat.

460 4179 714 4269 Longe
762 4179 1037 4269 lateque
1079 4201 1213 4268 per
1258 4181 1522 4254 Italiam
1565 4194 1817 4273 vagata
1862 4194 1967 4250 est
2009 4182 2144 4252 hec
2206 4182 2585 4252 animorum
2633 4183 3039 4263 diversitas3
3084 4183 3212 4251 sed
3259 4184 3332 4250 in
3376 4183 3655 4251 Etruria
3715 4181 4010 4250 maxime

470 4463 518 4502 1.
558 4449 775 4516 delitle]
813 4452 882 4502 P.
904 4452 977 4503 R.
999 4451 1084 4503 Μ.
1124 4451 1360 4504 deliciae
1395 4478 1461 4490 —
1505 4464 1553 4503 2.
1590 4449 1805 4517 itaque]
1844 4453 1913 4503 L.
1952 4455 2120 4518 atque
2156 4480 2224 4491 -
2260 4465 2313 4519 3.
2354 4452 2608 4519 viresque
2642 4450 2780 4518 una]
2817 4453 2888 4505 P.
2924 4466 3147 4519 unaque
3185 4452 3337 4504 vires
3372 4476 3395 4491 -
3432 4449 3725 4517 defluxere]
3777 4451 3842 4503 0.
3869 4465 4007 4502 con-

286 4529 496 4588 fluxere
533 4561 560 4574 -
594 4533 975 4600 manifestum]
1026 4537 1090 4588 O.
1127 4534 1599 4602 manifestumque
1631 4562 1658 4575 -
1692 4534 2174 4605 pernitiosiorem]
2227 4538 2284 4588 V.
2304 4538 2373 4589 P.
2397 4537 2457 4589 S.
2480 4538 2554 4589 R.
2574 4539 2658 4589 M.
2685 4536 3158 4606 perniciosiorem
3182 4565 3248 4574 —
3277 4552 3326 4602 4.
3351 4533 3481 4601 hec]
3509 4537 3583 4588 R.
3608 4536 3718 4587 hoc
3751 4560 3778 4574 ·
3812 4534 4013 4585 immu-

287 4617 448 4684 tatis]
488 4621 530 4673 l.
550 4621 619 4671 L.
654 4617 711 4671 V.
752 4619 1010 4671 imutatis
1048 4643 1072 4658 -
1109 4617 1191 4684 et]
1230 4620 1299 4671 L.
1325 4621 1495 4686 atque
1519 4647 1588 4659 —-
1628 4630 1674 4685 5.
1701 4618 1890 4685 atque]
1935 4621 2003 4672 P.
2025 4619 2095 4670 R.
2117 4621 2199 4670 u.
2236 4623 2294 4672 et
2330 4647 2355 4660 ·
2392 4622 2589 4672 statim
2628 4620 2739 4687 est]
2779 4622 2849 4673 P.
2873 4623 2960 4673 est
2996 4621 3192 4672 statim
3218 4646 3243 4660 -
3267 4617 3601 4684 auctoritas]
3642 4619 3700 4671 V.
3720 4620 3807 4671 M.
3842 4621 4011 4670 auto·

288 4705 461 4768 rita-3
496 4705 570 4756 P.
593 4702 912 4756 authoritas
948 4728 973 4742 -
1010 4703 1372 4770 dimminuta]
1422 4705 1487 4757 Θ.
1508 4706 1546 4755 l.
1566 4705 1635 4755 L.
1670 4706 1727 4756 V.
1755 4704 2065 4768 diminuta3
2103 4706 2171 4757 P.
2196 4706 2269 4757 R.
2307 4705 2611 4758 imminuta
2649 4733 2715 4744 —
2755 4705 2806 4757 8.
2846 4704 3173 4774 reipublice]
3235 4705 3300 4757 Θ.
3336 4703 3624 4771 republice
3660 4729 3684 4742 ·
3719 4702 4012 4755 voluntate

204 4793 231 4849 5
288 4791 344 4838 et
379 4786 552 4853 nutu]
597 4790 659 4839 P.
698 4790 840 4839 nutu
884 4790 944 4839 et
981 4777 1276 4840 vohmtate
1322 4816 1388 4827 —
1428 4802 1482 4854 9.
1516 4787 1923 4855 tollerandum]
1977 4790 2033 4842 V.
2079 4790 2428 4842 tolerandum
2463 4818 2531 4829 -
2579 4805 2662 4842 11.
2702 4788 3275 4857 intollerandumque]
3327 4789 3385 4842 V.
3421 4787 3950 4854 intolerandumque
3987 4811 4011 4826 -

289 4869 552 4938 tyranni]
591 4873 627 4921 l.
654 4872 723 4923 L.
751 4871 817 4922 0.
858 4870 1141 4939 tyramnig
1175 4873 1245 4924 P.
1284 4873 1503 4924 tiranni
1538 4900 1604 4911 —
1635 4886 1717 4924 12.
1746 4872 2074 4926 incredibile
2096 4888 2236 4942 pene
2259 4873 2416 4925 dictu
2440 4872 2548 4939 est]
2575 4876 2643 4925 In
2672 4875 2732 4926 C.
2759 4875 3143 4939 questeparole
3177 4887 3300 4925 sono
3323 4889 3385 4923 su
3411 4872 3618 4933 litum,-
3655 4873 3728 4924 R.
3751 4873 3838 4922 est
3872 4885 4018 4938 pene

288 4954 454 5008 dictu
488 4982 559 4994 —·
603 4967 686 5020 13.
723 4954 1002 5021 virtusve]
1040 4958 1126 5007 M.
1164 4971 1315 5007 om.
1351 4983 1422 4995 —·
1464 4970 1547 5022 14.
1588 4958 1724 5008 sunt
1749 4956 2081 5023 dignitates]
2134 4959 2189 5011 V.
2229 4958 2539 5025 dignitates
2576 4962 2710 5009 sunt
2734 4985 2802 4995 —
2835 4967 2916 5022 15.
2953 4956 3251 5023 mortales]
3281 4957 3340 5009 S.
3369 4972 3519 5008 onum.
3539 4971 3561 5019 ,·
3588 4957 3660 5006 R.
3688 4954 4011 5006 mortalium

292 5066 358 5078 ——
403 5039 487 5092 16.
525 5036 789 5109 populos]
826 5041 896 5091 P.
932 5041 1205 5109 populum
1239 5066 1265 5080 -
1300 5039 1490 5108 atque]
1526 5042 1597 5094 P.
1637 5045 1698 5092 et
1731 5068 1797 5079 —
1841 5051 1922 5104 17.
1961 5041 2103 5108 sese]
2143 5044 2217 5095 R.
2255 5057 2314 5094 se
2350 5070 2375 5083 -
2414 5041 2757 5108 imminutis]
2796 5043 2862 5093 F.
2900 5040 3211 5094 deminutis
3249 5071 3315 5079 —
3359 5041 3441 5093 18.
3480 5038 3573 5105 ac]
3633 5040 3698 5092 0.
3737 5041 3791 5091 et
3828 5064 3853 5077 ·
3890 5053 4014 5106 per-

288 5121 559 5189 vastatis]
612 5124 669 5176 V.
707 5124 1077 5192 pervastatim
1102 5153 1168 5164 —
1210 5137 1292 5189 19.
1318 5123 1639 5191 multisque]
1679 5127 1747 5178 P.
1774 5141 1925 5177 onum.
1951 5154 2019 5166 --
2059 5139 2143 5177 20.
2168 5125 2465 5193 maiorem]
2494 5128 2567 5179 R.
2594 5127 2812 5179 maiore
2848 5153 2873 5166 ·
2908 5125 3181 5193 unquam]
3221 5128 3290 5178 L.
3317 5139 3603 5192 nunquam
3640 5150 3663 5161 -
3699 5121 3899 5188 fuerit]
3949 5123 4012 5175 0.

179 5220 237 5256 10
289 5207 478 5260 sumt
515 5232 540 5246 -
576 5207 796 5274 Hunni]
850 5209 1100 5260 ΚΒΜ
1122 5210 1194 5261 R.
1234 5210 1445 5261 Humni
1486 5236 1553 5248 —
1593 5221 1680 5260 21.
1721 5209 1992 5277 Vandali]
2040 5212 2105 5264 Ο.
2144 5210 2431 5263 Vhandali
2469 5237 2493 5250 ·
2535 5208 3005 5277 Turcilongique]
3044 5211 3131 5260 M.
3154 5214 3226 5262 R.
3254 5209 3690 5276 Turcilingique
3725 5233 3751 5247 ·
3785 5208 4015 5273 Lango-

288 5291 478 5358 bardi]
522 5292 580 5344 V.
607 5292 667 5344 S.
692 5296 766 5345 R.
794 5294 877 5344 M.
917 5293 1284 5360 Longobardi
1325 5321 1391 5332 —
1430 5308 1609 5349 21·22.
1649 5295 2014 5365 Langobardi
2050 5311 2155 5363 per
2189 5297 2417 5365 longum
2452 5293 2698 5364 tempus]
2737 5298 2806 5346 P.
2843 5310 2943 5364 per
2979 5297 3208 5362 longum
3257 5298 3482 5363 tempus
3520 5292 3910 5360 Lomgobardl
3943 5318 4009 5328 -—

290 5389 375 5427 22.
400 5374 717 5441 tercentos]
756 5378 841 5428 M
863 5378 937 5429 R.
976 5381 1256 5431 uecentos
1291 5378 1567 5431 nimirum
1603 5407 1670 5418 —
1711 5391 1796 5445 23.
1835 5379 2266 5448 Langobardos]
2320 5381 2375 5433 V.
2401 5379 2461 5433 S.
2483 5380 2663 5432 Ru.
2700 5379 3146 5445 Longobardosg
3183 5382 3252 5430 P.
3279 5377 3712 5444 Lomgobardos
3752 5402 3776 5415 ·
3814 5374 4017 5426 debac-

288 5458 445 5527 eata]
486 5462 526 5510 l.
553 5460 621 5510 L.
649 5461 724 5512 R.
749 5462 832 5511 M.
877 5461 1217 5515 debacchata
1252 5491 1318 5500 —
1358 5476 1446 5529 24.
1485 5462 1830 5532 oppidaque]
1869 5466 1943 5516 R.
1981 5466 2042 5515 et
2076 5464 2290 5533 oppida
2327 5492 2393 5503 —
2435 5473 2518 5528 25.
2557 5461 2640 5528 et]
2680 5465 2754 5516 R.
2793 5477 2859 5515 ac
2894 5488 2919 5501 ·
2955 5461 3146 5531 atque]
3186 5464 3260 5515 R.
3296 5477 3365 5515 ac
3402 5487 3428 5501 -
3462 5459 3699 5527 summa]
3752 5462 3817 5512 0.
3856 5473 4017 5511 suma

290 5569 358 5584 -·-
398 5541 489 5595 26.
529 5542 775 5609 scilicet]
814 5547 889 5596 R.
909 5546 993 5596 M.
1016 5547 1286 5598 videlieet
1321 5574 1388 5585 —-
1430 5560 1516 5611 27.
1555 5546 1974 5616 imperatorem]
2012 5548 2080 5599 P.
2121 5548 2194 5600 ad
2231 5548 2629 5616 imperatorem
2668 5573 2693 5587 -
2744 5546 3103 5612 unoquoque]
3146 5548 3205 5600 S.
3242 5549 3300 5598 et
3336 5560 3589 5613 unoque3
3640 5546 3697 5596 V.
3735 5557 3956 5610 unoque
3992 5568 4017 5581 ·

179 5636 235 5692 15
293 5626 478 5695 nam]
519 5630 589 5680 L.
627 5643 731 5681 suo
767 5655 834 5667 —
873 5625 1059 5694 27-28.
1099 5631 1476 5698 solummodo]
1525 5632 1589 5684 0.
1611 5633 1670 5684 S.
1709 5632 2032 5696 solumodo3
2070 5634 2144 5683 R.
2180 5630 2575 5683 tantummodo
2616 5660 2683 5671 —
2720 5645 2806 5699 30.
2832 5630 3096 5697 cohorte]
3137 5633 3316 5683 ΚΜ
3352 5631 3549 5682 coorte
3585 5656 3610 5669 ·
3657 5627 3822 5694 hinc]
3862 5629 3919 5677 in
3955 5628 4017 5680 S.

289 5712 431 5777 dopo
462 5712 605 5765 hino
639 5729 708 5763 nn
733 5712 1005 5766 nimitum
1028 5715 1296 5782 afflante
1320 5717 1763 5781 postmomaste
1788 5743 1855 5753 —-
1883 5727 1969 5780 31.
1996 5714 2130 5781 una]
2180 5719 2244 5768 O.
2270 5732 2422 5768 oum.
2460 5742 2485 5755 ·
2511 5714 2949 5781 Gibellinorum]
2977 5717 3050 5767 R.
3074 5716 3133 5768 S.
3153 5717 3222 5768 P.
3262 5713 3751 5778 Ghibellinorum3
3791 5715 3848 5765 V.
3877 5710 4021 5764 Ghi·

289 5797 614 5851 belinorum
652 5821 719 5837 -—
756 5809 843 5865 33.
879 5800 968 5850 est
998 5796 1126 5865 hec]
1181 5799 1239 5851 V.
1274 5799 1378 5852 hec
1418 5801 1505 5852 est
1540 5822 1567 5839 ·
1601 5798 1853 5865 Etruria]
1890 5801 1962 5852 P.
1997 5799 2297 5852 Haetruria

472 5963 493 6002 ¹
531 5967 784 6022 Secondo
820 5969 877 6022 la
912 5969 1248 6039 cronologia
1270 5971 1528 6024 adottata
1564 5972 1661 6026 dal
1684 5972 1984 6024 Panum
2007 5971 2099 6026 nel
2208 5972 2300 6025 nel
2336 5985 2438 6038 403
2466 5973 2520 6023 d.
2549 5971 2616 6025 C.
2641 5986 2672 6024 e
2699 5971 2867 6025 Carlo
2897 5972 3111 6039 Magno
3135 5972 3300 6024 vlnse
3325 5973 3348 6023 i
3372 5968 3742 6038 Longobardi
3768 5968 3858 6021 nel
3885 5966 4009 6034 776,
4064 5977 4136 6022 2ο

286 6057 379 6110 De
426 6057 774 6125 Temporibus
808 6057 831 6109 i
866 6057 1010 6112 Goti
1046 6074 1296 6112 vennere
1332 6061 1393 6114 la
1428 6063 1610 6131 prima
1650 6062 1806 6114 volta
1840 6063 1904 6118 in
1925 6059 2095 6116 Italia
2209 6064 2466 6133 appunto
2502 6076 2539 6114 a
2573 6074 2677 6129 313
2715 6060 2857 6114 anni
2896 6060 2957 6112 di
2996 6061 3269 6114 distanza.

4145 2281 4294 2320 Mun...
4333 2279 4405 2319 168
