4823 7100
1749 451 2424 531 PREFAZIONE
3637 450 3940 529 XXVII

248 727 421 809 FN
454 730 551 809 ha
614 727 646 765 “
685 728 964 805 Ginum
1017 724 1489 823 Capponium
1546 725 1920 803 Genuam.
2088 724 2394 801 mittunt
2451 719 2952 821 mandantque
2991 733 3074 798 ut
3125 716 3201 821 (e
3249 721 3384 819 qui
3430 746 3535 797 un
3584 744 3811 823 segue
3863 720 3949 795 ds·

255 866 286 903 ⁸
314 861 696 960 ricbiamo)
756 861 833 937 in
885 885 968 937 re
1021 859 1402 937 videbitur
1455 883 1644 951 esse,
1680 858 2131 937 Pontificem
2164 880 2464 956 quoque
2502 856 2727 935 adeat
2758 877 2840 953 „3
2873 857 2951 931 in
2986 858 3321 953 margine
3377 856 3509 953 poi
3546 854 3669 931 col
3703 879 3940 951 segne

248 993 859 1093 corrispondente
894 1019 939 1069 e
976 994 1053 1071 di
1090 1018 1316 1071 mano
1351 992 1740 1069 differente
1782 991 1852 1067 le
1888 992 2148 1089 parole
2173 998 2324 1087 per
2344 989 2811 1067 Alderottum
2846 1013 3033 1087 quae
3055 990 3156 1064 sit
3176 1014 3293 1091 ag
3307 986 3480 1091 (sic)
3520 994 3943 1090 cognosc-an

244 1129 771 1207 Buccicaldum
819 1127 1076 1207 deinde
1126 1132 1198 1201 et
1243 1128 1316 1203 si
1360 1128 1444 1202 in
1460 1151 1487 1220 ;
1542 1127 1616 1203 la
1668 1126 1929 1223 pamla
1980 1125 2273 1227 agenda
2325 1124 2637 1201 dovette
2675 1147 2922 1201 emere
2958 1124 3213 1199 scritta
3250 1147 3382 1220 per
3415 1123 3695 1197 intiero
3731 1147 3776 1197 e
3812 1124 3944 1219 poi

162 1270 195 1335 5
246 1286 487 1338 essere
544 1272 889 1339 troncata
942 1260 1041 1336 da
1092 1262 1213 1338 chi
1266 1262 1510 1358 rilegb
1565 1260 1617 1334 il
1672 1260 1979 1354 codice3
2015 1284 2059 1335 e
2095 1283 2138 1332 c
2172 1258 2319 1333 alla
2371 1282 2505 1335 sua
2558 1257 2797 1333 volta:
2867 1260 2899 1299 ⁸
2941 1257 3219 1332 Ginum
3273 1256 3745 1354 Capponium
3784 1256 3944 1330 Ge-

253 1398 282 1435 “
316 1418 613 1471 uuam..
633 1448 690 1472 ..
748 1397 1054 1471 mittunt
1088 1393 1591 1491 mandantque
1632 1403 1709 1469 ut
1746 1414 1880 1488 per
1913 1392 2395 1469 Alderottum
2433 1414 2625 1490 quae
2662 1391 2763 1465 sit
2793 1412 2909 1491 ag
2934 1402 3375 1486 cognoscat5
3408 1389 3944 1466 Buccicaldum

249 1531 280 1571 “
316 1527 589 1601 deinde
645 1539 725 1605 et
774 1528 848 1603 si
894 1528 975 1601 in
1024 1526 1108 1603 in
1158 1549 1242 1599 re
1274 1524 1649 1603 videbitur
1702 1549 1863 1601 esse
1919 1536 2063 1602 etc.
2102 1577 2170 1619 „.
2276 1524 2462 1601 Non
2517 1525 2902 1602 crediamo
2962 1525 3334 1598 necessari
3389 1523 3554 1598 altri
3605 1522 3943 1597 ruffi-enti

239 1685 369 1758 per
421 1659 866 1735 dimostrare
920 1684 962 1732 c
1014 1659 1358 1735 derivato
1414 1656 1512 1733 da
1564 1655 1751 1751 FN,
1806 1658 2302 1754 proveniente
2358 1657 2504 1733 aua
2557 1681 2691 1733 sua
2742 1659 2948 1732 volta
2999 1656 3098 1732 da
3141 1653 3230 1730 O.

442 1795 568 1871 Da
610 1791 679 1871 0
710 1788 1180 1890 egualmente
1234 1790 1557 1889 dipende
1613 1789 1786 1867 AC.
1897 1790 1981 1865 In
2032 1790 2132 1865 lui
2184 1791 2247 1867 si
2299 1792 2768 1869 rieoontrano
2803 1792 2973 1867 tutti
3006 1790 3112 1889 gli
3150 1792 3386 1865 errori
3420 1790 3782 1887 peculiari
3818 1790 3944 1865 del

132 1935 198 2001 10
245 1927 505 2005 codice
560 1927 1094 2001 ottoboniano
1108 1947 1132 2021 3
1168 1949 1304 2022 per
1338 1948 1440 2001 es.
1496 1922 1958 2001 1’omiasione
1994 1926 2121 2020 pih
2160 1946 2382 2020 sopra
2421 1926 2650 1999 citata
2703 1923 2904 1998 della
2959 1923 3223 2019 parola
3246 1931 3660 2019 paucorum
3714 1921 3821 2025 (p.
3865 1922 3938 2016 8,

241 2061 287 2132 1.
342 2056 455 2159 2),
511 2060 565 2132 il
608 2060 1070 2157 patrimonia
1124 2061 1505 2134 cambiato
1545 2060 1620 2132 in
1657 2058 2123 2131 matrimonia
2177 2055 2284 2159 (p.
2326 2058 2452 2151 33,
2493 2056 2542 2131 l.
2587 2052 2721 2154 25)
2733 2079 2757 2152 3
2795 2082 2892 2131 un
2927 2058 3010 2130 in
3046 2057 3477 2135 tralasciato
3511 2057 3708 2131 nella
3741 2057 3931 2131 frase

243 2194 319 2266 in
365 2193 604 2271 sacris
656 2192 767 2296 (p.
826 2190 897 2287 7,
954 2193 1004 2266 l.
1079 2188 1239 2292 10);
1293 2217 1391 2267 un
1444 2193 1923 2292 mam‘fistum
1997 2192 2377 2267 cambiato
2449 2191 2525 2265 in
2595 2191 3212 2293 mamjesbunque
3263 2189 3369 2292 (p.
3431 2189 3505 2285 5,
3560 2190 3608 2263 1.
3670 2185 3750 2289 3)
3761 2212 3785 2284 ;
3840 2215 3939 2264 un

240 2327 625 2403 victoribus
680 2350 982 2407 omesso
1036 2327 1235 2405 nella
1286 2327 1483 2403 frase
1538 2326 1612 2401 si
1653 2332 1924 2423 parere
1954 2325 2349 2405 victoribus
2382 2326 2682 2401 victorie
2713 2329 3044 2401 tamur
3077 2324 3184 2427 (p.
3226 2324 3353 2417 33,
3391 2322 3441 2397 1.
3485 2319 3563 2426 8)
3576 2347 3596 2418 ;
3635 2349 3732 2398 un
3767 2348 3940 2399 cur·

237 2464 467 2535 rentes
522 2461 602 2533 in
656 2459 888 2557 luogo
947 2459 1023 2541 di
1078 2462 1584 2539 concurrentes
1618 2456 1725 2559 (p.
1768 2459 1894 2551 34,
1934 2458 1983 2537 1.
2036 2453 2183 2555 14).
2296 2458 2396 2535 Se
2435 2460 2496 2533 si
2532 2460 2902 2556 aggiunge
2959 2456 3356 2554 l’esplicita
3391 2457 3940 2532 dichiarazione

125 2594 191 2665 15
242 2604 649 2675 contenuta
702 2595 779 2669 in
830 2591 1008 2687 AC,
1066 2594 1205 2669 che
1260 2603 1529 2669 attesta
1579 2592 1653 2665 la
1706 2615 1843 2669 sua
1898 2590 2373 2669 derivazione
2427 2591 2605 2669 dell’
2621 2592 3150 2669 ottoboniano
3204 2592 3297 2665 Τ.
3353 2589 3614 2684 111-22,
3650 2590 3778 2686 gih
3813 2614 3947 2686 per

241 2727 398 2805 altri
452 2725 688 2803 indixi
738 2726 837 2803 da
889 2727 1021 2805 1101
1075 2725 1542 2805 identificato
1596 2748 1746 2803 con
1789 2721 1877 2818 0,
1915 2724 2300 2803 crediamo
2335 2738 2557 2821 poter
2591 2727 2976 2803 affermare
3032 2724 3460 2817 aenz'altro,
3517 2724 3653 2798 ebe
3705 2720 3866 2797 AC
3898 2725 3942 2796 ὲ

241 2883 380 2943 una
434 2859 918 2939 derivazione
973 2860 1244 2939 diretta
1296 2860 1374 2939 di
1435 2856 1524 2935 Ο.

438 2995 590 3071 Per
622 3017 946 3073 nessuno
979 2993 1180 3091 degli
1216 2993 1380 3073 altri
1418 3015 1618 3071 nove
1654 2989 1902 3069 codici
1937 2992 2315 3088 possimne
2348 2991 2676 3069 stabilire
2711 2989 2935 3069 simili
2969 2992 3302 3088 rappmti
3338 2990 3415 3067 di
3449 2989 3940 3086 dipendenza.

239 3126 608 3205 Notiamo
662 3127 869 3203 solo:

117 3265 191 3329 20
565 3254 664 3359 1⁰)
718 3260 924 3356 dato,
982 3260 1118 3335 che
1181 3260 1271 3353 C,
1329 3282 1549 3339 come
1606 3255 2021 3350 crediamo,
2072 3257 2185 3335 sia
2236 3256 2702 3354 l’eaemplare
2759 3259 3035 3337 offerto
3071 3256 3197 3335 dal
3232 3257 3578 3333 Palmieri
3614 3258 3686 3331 al
3743 3259 3946 3354 Cap-

240 3395 435 3488 poni,
493 3394 891 3468 riteniamo
955 3393 1028 3467 C
1074 3390 1465 3468 derivante
1521 3380 2046 3468 direttamente
2104 3389 2674 3488 dall’originale,
2729 3391 2863 3469 ebe
2917 3391 3373 3469 indichiamo
3427 3415 3575 3465 con
3624 3396 3725 3466 Π.

84 3508 89 3513 ’
558 3528 671 3628 2⁰)
726 3528 991 3608 aleune
1049 3527 1267 3608 liture
1323 3527 1399 3606 di
1453 3527 1493 3600 l
1538 3525 2135 3624 corrispondenti
2174 3524 2271 3604 ad
2306 3526 2490 3606 altre
2526 3525 2742 3606 litum
2780 3525 2855 3602 di
2898 3525 2989 3620 C,
3027 3525 3214 3602 fatte
3247 3524 3320 3602 le
3357 3548 3504 3604 une
3540 3548 3584 3599 e
3637 3525 3710 3600 le
3753 3522 3940 3600 altre

239 3683 367 3756 per
418 3683 867 3757 correggere
924 3663 1155 3738 errori
1210 3684 1361 3740 non
1430 3658 2082 3752 dell’amanueme‚
2138 3683 2264 3738 ma
2320 3658 2882 3754 dell’originalo,
2936 3682 2980 3736 e
3031 3659 3317 3736 tavolta
3383 3682 3521 3755 per
3569 3659 3942 3734 sustituire

240 3819 380 3872 una
433 3819 691 3872 nuova
745 3793 1007 3890 pax-ola
1062 3817 1106 3867 a
1159 3792 1403 3893 quella
1458 3794 1829 3874 trascritta
1878 3791 2327 3870 fedelmente
2383 3790 2506 3870 dal
2561 3793 2849 3888 copista
2885 3790 3053 3892 (per
3089 3815 3191 3870 es.
3230 3790 3302 3866 le
3358 3790 3576 3866 liture
3612 3793 3941 3882 comuni,

115 3927 186 3996 25
240 3926 565 4002 laddove
603 3931 644 3999 ὲ
680 3927 945 4002 scritto
978 3928 1245 4004 Masus
1281 3950 1324 4000 e
1359 3927 1605 4020 Maso,
1643 3950 1716 4022 p.
1761 3925 1833 4016 8,
1872 3924 1919 3998 1.
1977 3927 2073 3998 24
2114 3950 2157 3999 e
2195 3950 2268 4022 p.
2313 3926 2383 4017 9,
2426 3924 2505 4002 11.
2547 3923 2619 4017 5,
2670 3926 2757 3998 14
2797 3949 2841 4002 e
2892 3923 3003 4018 15,
3039 3948 3083 4002 e
3120 3924 3320 4002 nella
3352 3925 3670 4002 dicimra
3702 3924 3944 3999 corda&

239 4066 492 4156 mente,
533 4085 604 4157 p.
656 4061 773 4154 12,
819 4060 866 4134 l.
921 4055 1069 4157 17),
1107 4061 1179 4140 ci
1213 4060 1439 4138 fanno
1491 4082 1852 4156 supporto
1890 4060 1930 4136 l
1957 4057 2300 4138 derivato
2337 4056 2544 4134 dallo
2580 4070 2819 4134 stesso
2852 4056 3119 4134 codice
3156 4056 3254 4131 da
3286 4059 3407 4134 cui
3442 4060 3799 4154 proviene
3845 4058 3934 4133 C.

558 4191 665 4294 3⁰)
726 4194 1107 4272 1’identit22
1160 4193 1237 4270 di
1287 4192 1526 4267 molte
1581 4191 1779 4270 delle
1819 4192 2132 4272 varianti
2189 4190 2265 4264 di
2321 4190 2360 4263 I
2406 4216 2450 4270 e
2505 4190 2752 4289 quelle
2791 4189 2867 4268 di
2901 4189 2974 4264 L
3015 4188 3385 4287 (extremis-
3418 4215 3552 4290 per
3603 4192 3942 4287 maante,

238 4350 308 4421 p.
351 4326 471 4418 16,
504 4326 551 4398 l.
595 4323 722 4420 173
758 4325 1039 4402 delecta
1067 4349 1201 4422 per
1227 4326 1474 4421 electa,
1506 4348 1578 4421 p.
1625 4324 1821 4418 19,1.
1866 4323 1994 4419 123
2021 4325 2549 4404 immunitatem
2575 4346 2710 4420 per
2734 4324 3267 4420 impunitatem,
3296 4350 3370 4421 p.
3415 4324 3606 4421 19,1.
3644 4321 3683 4404 7
3718 4322 3943 4427 ece),

240 4482 316 4531 se
371 4483 526 4536 non
578 4459 649 4540 ci
703 4461 1188 4542 autorizzano
1242 4483 1289 4534 a
1339 4459 1589 4536 fimare
1643 4458 1751 4536 fra
1802 4459 1829 4531 i
1882 4457 2029 4538 due
2087 4457 2338 4536 codici
2391 4482 2660 4538 nessun
2711 4468 3070 4554 rapporto
3110 4457 3187 4534 di
3224 4456 3692 4554 dipendenza
3746 4461 3938 4534 reci-

113 4599 188 4664 30
238 4616 493 4686 proca,
550 4596 775 4670 fanno
830 4593 1112 4672 risalire
1169 4592 1538 4672 ambedue
1592 4593 1619 4670 i
1675 4591 1923 4667 codici
1979 4590 2125 4670 alla
2176 4602 2407 4672 stessa
2457 4592 2692 4683 fonte,
2746 4592 2918 4668 01οὲ
2972 4613 3018 4664 a
3069 4595 3168 4670 Π.

556 4725 665 4824 4⁰)
724 4727 793 4804 le
845 4726 1167 4806 varianti
1224 4726 1300 4804 di
1362 4721 1432 4797 Ο
1480 4727 1914 4805 consistono
1951 4736 2139 4803 tutte
2175 4727 2251 4800 in
2285 4723 2692 4808 differenze
2729 4723 2805 4798 di
2838 4725 3072 4821 grafia
3110 4748 3160 4798 0
3195 4726 3272 4802 111
3308 4726 3541 4800 errori
3575 4726 3940 4804 materiali

240 4858 314 4933 di
369 4861 878 4956 traserizione,
915 4884 1052 4958 per
1084 4860 1137 4938 il
1172 4871 1373 4938 resto
1416 4855 1486 4938 0
1517 4859 1897 4936 concorda
1932 4883 2081 4936 con
2124 4859 2212 4938 C.
2318 4859 2400 4940 Ν
2404 4881 2504 4938 on
2541 4861 2694 4954 pub
2727 4861 2915 4954 pere>
2948 4860 3287 4938 ritenersi
3325 4857 3422 4934 da
3455 4859 3560 4934 lui
3596 4858 3933 4934 derivato

242 4993 517 5088 perche
572 4995 649 5070 in
710 4989 780 5067 Ο
830 5019 982 5072 11011
1033 4996 1096 5068 si
1148 4995 1611 5072 riscontrano
1665 4994 1691 5067 i
1745 4993 1970 5090 pochi
2024 4994 2281 5085 errori,
2336 4992 2462 5072 nei
2512 4990 2715 5091 quali
2750 4993 2793 5066 ὲ
2828 4993 3125 5070 incorso
3174 4991 3682 5070 ramanuame
3719 4993 3798 5068 di
3840 4993 3934 5070 C.

239 5104 305 5200 E
357 5128 488 5223 piu
542 5125 848 5208 fondata
903 5126 1269 5223 vipoteai,
1329 5128 1466 5204 che
1529 5124 1599 5206 0
1647 5125 1886 5202 dativi
1941 5150 2161 5206 come
2224 5127 2299 5202 c·
2343 5127 2441 5204 da
2492 5130 2591 5204 Π.
3633 5101 3640 5110 ’

113 5259 187 5328 35
559 5255 666 5359 5⁰)
695 5259 837 5333 Pe
873 5260 955 5354 V,
987 5284 1066 5336 se
1098 5285 1237 5358 pur
1264 5284 1417 5333 non
1443 5259 1807 5334 derivano
1839 5260 2044 5335 dallo
2072 5271 2309 5335 stesso
2340 5258 2632 5353 codice,
2659 5270 3240 5356 rappreeentano
3270 5284 3407 5356 per
3432 5258 3512 5334 10
3543 5282 3769 5336 meno
3796 5282 3944 5336 una

237 5393 567 5492 famiglia
619 5393 943 5474 distinta.
1059 5395 1169 5470 Ce
1224 5393 1304 5466 lo
1359 5394 1635 5472 dicono
1690 5393 1763 5472 le
1797 5395 2112 5470 varianti
2145 5394 2314 5472 loro
2348 5392 2737 5489 peculiari.
2842 5393 2991 5470 Per
3023 5417 3174 5469 non
3211 5392 3500 5489 parlare
3535 5394 3613 5469 di
3668 5394 3936 5472 alcune

244 5529 633 5603 omissioni
690 5528 992 5603 comuni
1052 5527 1491 5626 (quicquam,
1547 5553 1622 5625 p.
1681 5527 1808 5620 12,
1865 5526 1915 5601 l.
1984 5529 2056 5621 13
2107 5526 2351 5620 simul,
2389 5551 2466 5624 p.
2515 5526 2633 5619 14,
2674 5526 2725 5602 l.
2770 5528 2897 5622 123
2931 5551 3107 5622 una,
3162 5551 3233 5623 p.
3288 5527 3491 5618 19,1.
3533 5529 3676 5624 213
3710 5527 3938 5604 inter-

239 5661 435 5757 cham,
476 5687 549 5759 p.
590 5662 717 5756 49,
754 5661 801 5737 1.
852 5661 943 5734 13
983 5656 1181 5761 ece.)
1220 5686 1262 5735 e
1301 5662 1377 5739 di
1431 5662 1676 5740 alcuni
1729 5661 2253 5738 cambiamenti
2287 5683 2471 5757 pure
2524 5662 2824 5738 comuni
2877 5659 2955 5736 di
2989 5684 3188 5757 poca
3240 5662 3714 5757 importanza
3767 5660 3938 5760 (im-

232 5798 605 5890 peratoris
656 5819 792 5891 per
843 5796 1390 5896 impoeatorias,
1430 5822 1501 5893 p.
1544 5796 1615 5890 ὁ,
1656 5794 1734 5869 11.
1780 5796 1953 5890 3-43
2006 5795 2270 5896 ingens
2308 5794 2458 5867 iam
2511 5818 2645 5891 per
2679 5794 2967 5895 ingens,
3008 5817 3080 5889 p.
3125 5794 3197 5886 ὁ,
3237 5793 3285 5866 l.
3329 5796 3427 5868 24
3455 5816 3478 5888 ;
3511 5794 3943 5892 adversique

116 5933 193 6000 40
241 5954 371 6024 per
424 5931 741 6026 adversi,
797 5955 871 6027 p.
944 5930 1060 6024 10,
1118 5928 1166 6002 l.
1233 5927 1313 6023 73
1372 5926 1866 6008 Gavillensem
1936 5952 2068 6025 per
2139 5926 2661 6019 Garullessem‚
2720 5953 2792 6025 p.
2868 5925 2983 6019 17,
3038 5927 3088 6000 1.
3150 5928 3195 6000 3
3252 5922 3472 6026 eom),
3530 5929 3825 6003 bastera
3896 5953 3942 6004 a
