4823 7100
510 2402 552 2433 c.
584 2392 612 2435 6
641 2404 669 2433 r

404 2499 556 2549 Mun„
588 2500 668 2540 1⁶9

510 3457 652 3500 moe

842 519 888 590 6
2161 517 2653 591 MATTHEI
2705 515 3219 591 PALMERII

1825 673 2249 680 ἥψω-...ΜΨ
2256 672 3500 680 ,ΜΜΜῌῌᾝω-ᾒ.

844 674 1125 682 Μοψοω--η-
1142 674 1196 681 ...ω
1214 675 1337 681 ...η-...ι-

839 782 1132 873 desevijt
1176 782 1517 850 obstinata
1557 784 1991 871 perversitas,
2039 783 2111 848 in
2156 804 2293 871 qua
2336 783 2576 850 civiles
2616 782 2987 862 discordie,
3034 784 3446 869 populorum
3491 782 3870 850 seditiones
3916 795 3986 848 et
4022 781 4264 868 prelia,
4294 780 4525 848 rebel-

833 886 1054 955 liones
1098 890 1671 977 expulsionesque
1719 890 1970 957 civium
2019 901 2087 955 et
2134 888 2477 955 cruciatus
2522 902 2592 956 et
2623 889 2835 956 cedes
2863 901 3070 976 atque
3101 888 3342 976 rapine
3373 888 3835 976 incendiaque
3866 889 4162 954 infensis
4205 900 4364 954 sunt
4394 886 4541 952 ani-

841 994 974 1060 mis
1016 1007 1431 1082 perpetrata.
1525 992 1796 1073 Quibus
1840 994 1910 1061 in
1954 994 2383 1063 vastitatibus
2427 994 2902 1083 intestinisque
2947 994 3148 1062 bellis
3191 995 3575 1062 Florentini
3620 995 3989 1081 pontificis,
4035 994 4271 1061 Pisani
4316 993 4538 1080 impe-

847 1100 1136 1167 ratorias
1174 1114 1407 1189 partes
1450 1100 1915 1169 sectabantur.

1014 1207 1197 1274 Hinc
1245 1208 1533 1276 cohorte
1578 1207 1935 1274 inimicitie
1982 1221 2053 1274 et
2098 1207 2300 1275 divisi
2332 1209 2542 1275 animi
2573 1228 2659 1275 eo
2692 1207 3163 1275 obstinationis
3190 1208 3660 1296 vecordieque
3691 1219 4194 1295 processerunt,
4243 1219 4320 1273 ut
4366 1204 4537 1272 aite-
4622 1208 4654 1271 5

827 1313 970 1380 rius
1015 1314 1212 1380 alteri
1253 1314 1567 1381 inimicos
1613 1314 1855 1381 sedulo
1902 1314 2225 1395 foverint,
2260 1326 2331 1381 et
2362 1315 2502 1381 suis
2531 1314 2728 1382 tutati
2773 1315 2910 1382 sint
2937 1314 3213 1393 viribus,
3246 1328 3316 1381 et
3359 1336 3526 1401 sepe
3555 1315 3737 1381 inter
3768 1336 3842 1382 se
3874 1336 4038 1381 seva
4070 1325 4140 1381 et
4171 1315 4535 1400 plusquam

828 1419 1107 1487 inimica
1151 1420 1596 1488 contulerint·
1644 1443 1873 1499 arma3
1921 1420 2173 1508 quibus
2215 1420 2288 1486 in
2336 1420 2909 1500 contentionibus,
2956 1421 3124 1486 licet
3167 1420 3644 1506 potentissime
3693 1432 4119 1487 etruscarum
4182 1419 4535 1485 civitatum

843 1525 1120 1606 fuerint,
1163 1526 1340 1615 odijs
1383 1539 1615 1594 tamen
1647 1539 1836 1594 certe
1867 1526 2241 1593 maioribus
2271 1539 2621 1594 certarunt
2652 1547 2857 1615 quam
2888 1526 3168 1593 viribus.
3247 1528 3477 1592 Inerat
3506 1526 3725 1593 fastus
3755 1525 4213 1613 superbiaque
4246 1524 4535 1601 Pisanis,

834 1632 995 1719 quia
1040 1633 1202 1699 olim
1246 1645 1433 1700 terra
1474 1633 1783 1722 marique
1827 1645 2147 1720 potentes
2191 1634 2601 1714 Sardiniam,
2632 1632 2986 1701 Corsicam
3018 1646 3089 1700 et
3117 1634 3446 1700 Baleares
3474 1632 4233 1720 possederantinsulas,
4268 1644 4338 1699 et
4367 1652 4534 1716 sepe

837 1737 1130 1805 navibus
1173 1738 1654 1806 formidabiles
1696 1739 1962 1825 potenti
2007 1739 2497 1829 navigaverant
2544 1739 2762 1805 classe
2778 1764 2797 1817 3
2847 1738 3401 1828 dedignabantur
3432 1740 3637 1804 etiam
3683 1740 3845 1827 quia
3874 1750 4214 1806 vetustate
4244 1737 4436 1803 urbis
4466 1749 4535 1802 et
4585 1738 4653 1802 10

831 1845 1114 1933 antiqua
1155 1866 1367 1935 grece
1416 1846 1701 1935 originis
1742 1845 1935 1912 fama
1980 1845 2185 1934 longe
2233 1845 2668 1912 Florentinos
2697 1845 3016 1933 preibant
3033 1870 3052 1924 3
3085 1847 3212 1913 sed
3241 1858 3478 1932 preter
3511 1858 3767 1924 cetera,
3799 1845 4215 1912 factionibus
4245 1844 4535 1910 diversis

835 1951 1103 2018 animos
1145 1950 1587 2031 irritantibus,
1632 1950 1929 2018 instabat
1972 1952 2267 2038 partium
2315 1972 2502 2030 cura,
2551 1971 2716 2017 acer
2769 1962 2840 2018 et
2904 1952 3283 2018 communis
3343 1954 3756 2038 populorum
3801 1952 4133 2030 stimulus,
4180 1949 4299 2037 qui
4345 1949 4534 2015 bella

830 2055 1011 2123 inter
1058 2070 1423 2147 utrumque
1467 2059 1799 2145 populum
1842 2070 2039 2147 gesta
2083 2070 2153 2124 et
2198 2057 2394 2124 datas
2442 2069 2906 2145 acceptasque
2956 2058 3213 2137 cladeS,
3259 2071 3606 2146 tamquam
3652 2058 3908 2123 irarum
3956 2070 4027 2124 et
4074 2056 4390 2124 odiorum
4424 2056 4534 2121 to-

830 2162 1086 2243 mitem,
1131 2164 1364 2232 tenaci
1407 2178 1639 2231 mente
1686 2163 2023 2231 servabat.
2116 2165 2272 2231 Nec
2317 2166 2562 2231 deerat
2603 2165 2823 2245 Luca,
2872 2164 3066 2230 cuius
3122 2163 3310 2230 urbis
3367 2164 3703 2252 potiunde
3764 2164 3988 2252 gratia
4044 2184 4294 2253 magne
4355 2162 4533 2228 inter

829 2281 1196 2358 utrumque
1242 2271 1572 2357 populum
1617 2273 2099 2338 contentiones
2142 2271 2438 2336 fuerant.
2532 2271 2759 2357 Super
2803 2270 2910 2337 his
2959 2270 3272 2337 omnibus
3318 2283 3514 2338 erant
3559 2283 3832 2356 sperata
3874 2270 4161 2356 premia,
4194 2270 4358 2357 quia
4387 2288 4532 2334 non
4583 2267 4648 2333 15

820 2376 911 2441 de
958 2398 1082 2443 suo
1128 2388 1409 2458 tantum,
1444 2378 1569 2445 sed
1600 2378 1688 2445 de
1723 2390 1993 2444 etrusco
2038 2376 2331 2463 imperio
2378 2378 2805 2444 contendere
2851 2375 3265 2443 videbantur
3311 2389 3402 2456 et,
3449 2398 3654 2465 quam
3702 2374 4003 2442 suarum'
4051 2376 4350 2462 partium
4385 2375 4532 2441 for-

821 2493 985 2548 tuna
1028 2504 1320 2572 regnare
1367 2483 1691 2562 volebat,'
1739 2483 1942 2549 armis
1973 2482 2286 2570 experiri.
2378 2483 2506 2548 His
2531 2483 3160 2570 perturbationibus
3190 2482 3407 2572 anxijs
3437 2484 3763 2550 continue
3794 2482 4147 2549 inimicitie
4179 2481 4529 2570 vigebant,

822 2601 893 2656 et
938 2589 1187 2656 crebra
1230 2592 1410 2657 inter
1457 2610 1577 2658 eos
1623 2603 2019 2657 exarserant
2064 2588 2268 2668 bella,
2315 2602 2386 2656 et
2432 2590 2523 2654 ad
2568 2590 2872 2677 quietem
2920 2603 2988 2655 et
3033 2610 3280 2676 pacem
3312 2590 3703 2676 pertinaces
3747 2602 3817 2657 et
3864 2590 4018 2655 duri
4065 2588 4524 2677 obstinatique

821 2708 1361 2781 permanserant.
1455 2696 1885 2764 Prenarratis
1930 2696 2137 2784 igitur
2185 2695 2409 2762 causis
2454 2697 2546 2761 ad
2590 2694 3123 2762 discernendum
3166 2696 3491 2783 perpensi
3524 2716 3676 2762 sese
3711 2696 3905 2784 quasi
3938 2717 4025 2762 ex
4056 2694 4195 2761 alta
4240 2694 4528 2781 specula

829 2801 1289 2869 observabant
1335 2803 1866 2889 oportunitatem
1910 2801 2283 2867 invadendi
2329 2800 2794 2890 vincendique
2856 2814 3327 2889 expectanteS,
3385 2802 3705 2889 prevenit
3763 2801 4044 2868 tandem
4106 2800 4528 2867 Florentinis
4571 2802 4647 2866 20

818 2909 1118 2989 occasio,
1166 2910 1255 2974 de
1301 2930 1438 2997 qua
1481 2909 1619 2974 iam
1664 2907 1903 2975 dicere
1950 2908 2455 2998 aggrediamur.

997 3014 1250 3083 Salutis
1295 3014 1660 3082 christiane
1709 3034 1890 3080 anno
1939 3014 2177 3101 quinto
2221 3035 2429 3100 supra
2473 3014 3012 3105 quadringentos
3059 3027 3129 3082 et
3174 3015 3362 3082 mille
3407 3015 3690 3081 multum
3748 3017 3939 3081 varie
4003 3027 4073 3080 et
4133 3014 4526 3081 turbulente

814 3132 1013 3187 erant
1060 3121 1494 3188 conditiones
1539 3120 1756 3188 Italic.
1847 3120 2151 3187 Primum
2198 3120 2379 3208 quia,
2429 3121 2698 3188 duobus
2740 3121 3203 3208 pontificibus,
3249 3120 3633 3190 Benedicto
3665 3122 3932 3188 scilicet
3976 3133 4049 3188 et
4092 3121 4526 3199 Innocentio,

825 3227 1073 3294 eodem
1119 3240 1432 3314 tempore
1478 3226 2049 3304 discordantibus,
2093 3246 2221 3312 per
2265 3240 2530 3315 septem
2592 3228 2726 3293 iam
2773 3240 2842 3294 et
2888 3228 3132 3316 viginti
3177 3248 3394 3296 annos
3453 3228 3700 3318 ingens
3758 3229 4195 3296 continuarat
4251 3228 4525 3305 scisma,

824 3334 1013 3419 quod
1060 3335 1238 3399 adeo
1282 3345 1529 3420 postea
1572 3333 1847 3400 demum
1893 3332 2131 3410 crevit,
2175 3345 2251 3398 ut
2296 3352 2436 3398 non
2479 3333 2698 3399 solum
2745 3334 2921 3400 duos
2965 3334 3091 3401 sed
3136 3334 3340 3400 etiam
3385 3346 3524 3400 tres
3570 3335 3820 3400 eodem
3864 3346 4175 3420 tempore
4235 3354 4529 3399 romana
4571 3332 4646 3397 25

815 3438 1113 3505 ecclesia
1158 3440 1475 3506 habuerit
1516 3440 1902 3526 pontifices.
1995 3437 2387 3507 Calabriam
2436 3451 2507 3505 et
2549 3437 2869 3525 Apuliam
2916 3459 3000 3506 ac
3048 3453 3314 3506 ceteras
3344 3440 3578 3528 Regni
3598 3442 3612 3471 '
3660 3452 3894 3526 partes
3923 3439 4357 3529 gubernabat
4387 3440 4524 3506 La-

830 3544 1085 3612 dislaus
1126 3565 1273 3628 rex,
1320 3547 1439 3636 qui
1480 3566 1610 3634 per
1654 3544 1953 3614 amicitie
1997 3544 2284 3632 spetiem
2329 3545 2631 3613 Romam
2679 3546 2770 3614 ad
2813 3546 3288 3614 Innocentium
3334 3548 3700 3637 ingressus,
3732 3546 3976 3615 urbem
4006 3559 4238 3614 tamen
4271 3568 4526 3634 capere

826 3653 1279 3739 procurabat,
1317 3653 1507 3720 cuius
1549 3653 1649 3719 rei
1694 3653 1917 3743 gratia
1963 3651 2274 3718 civilibus
2319 3652 2874 3720 contentionibus
2919 3655 3007 3721 ab
3055 3674 3141 3720 eo
3185 3654 3556 3721 sublevatis
3600 3668 3838 3722 secute
3886 3667 4043 3721 sunt
4087 3673 4527 3720 romanorum

817 3758 1068 3826 civium
1113 3780 1325 3827 neces
1371 3772 1441 3826 et
1483 3759 1837 3826 Pontificis
1880 3756 2265 3825 Viterbium
2313 3759 2484 3847 fuga
2512 3761 2553 3826 ¹.
2645 3759 2726 3825 In
2771 3760 3131 3847 Cisalpina
3176 3761 3403 3827 Gallia
3447 3774 3586 3827 tres
3632 3760 3786 3827 fere
3843 3780 4059 3827 annos
4117 3771 4322 3826 antea
4386 3761 4527 3827 Ga-

817 3865 1128 3945 leactius,
1174 3865 1799 3935 Mediolanensium
1842 3864 2351 3951 potentissimus
2413 3867 2575 3944 dux,
2636 3876 2881 3932 nature
2946 3879 3406 3947 concesserat,
3453 3866 3630 3932 filios
3672 3867 4068 3955 relinquens
4116 3865 4526 3933 Gabrielem
4569 3867 4649 3930 30

811 3973 1107 4039 Mariam
1151 3994 1240 4038 ex
1285 3970 1674 4039 concubina
1715 3983 1933 4037 matre
1980 3971 2310 4058 genitum,
2356 3971 2475 4058 qui
2519 3970 2788 4037 Pisanis
2834 3970 3334 4053 dominabatur,
3367 3983 3438 4038 et
3464 3972 3858 4060 Philippum
3889 3972 4258 4061 legiptimis
4286 3985 4524 4038 natum

818 4078 1099 4167 nuptijs,
1146 4078 1264 4165 qui
1305 4077 1929 4145 Mediolanensium
1977 4089 2125 4144 erat
2169 4078 2329 4145 dux.
2422 4077 2557 4144 Hic
2600 4099 2729 4164 per
2774 4078 2908 4144 hec
2970 4090 3283 4165 tempora
3326 4100 3503 4165 puer
3544 4092 3870 4167 paternas
3929 4099 4279 4145 resumere
4340 4078 4526 4146 vires

818 4206 952 4252 nec
998 4187 1163 4252 dum
1207 4206 1336 4271 per
1380 4196 1637 4251 etatem
1683 4182 1979 4263 valebat,
2026 4204 2159 4250 nec
2207 4205 2622 4271 recuperare
2667 4183 2895 4263 urbes,
2942 4184 3188 4273 quibus
3230 4185 3514 4275 singulis
3559 4186 3811 4274 singuli
3857 4186 4009 4252 fere
4057 4186 4342 4275 tyranni
4399 4187 4526 4252 do-

814 4291 1267 4359 minabantur.
1360 4291 1764 4357 Genuenses
1810 4303 2006 4356 erant
2051 4290 2122 4355 in
2168 4302 2507 4376 potestate
2553 4290 2775 4379 Regis
2820 4294 3246 4358 Francorum
3292 4290 3859 4381 gubernabatque
3895 4314 4015 4360 eos
4059 4291 4525 4360 Buccicaldus

808 4397 1028 4488 Regis
1070 4397 1460 4484 prefectus3
1508 4410 1579 4464 et
1623 4394 2045 4463 Benedictus
2090 4417 2366 4485 quoque
2414 4397 2589 4463 alter
2633 4409 2795 4463 tunc
2839 4397 3158 4485 pontifex
3201 4398 3272 4462 in
3319 4399 3566 4466 eadem
3597 4397 3770 4466 urbe
3801 4399 4125 4487 degebat.
4217 4400 4297 4464 In
4332 4399 4523 4467 Cite-
4564 4395 4641 4463 35

978 4628 1024 4665 1.
1052 4610 1315 4680 desevijt]
1343 4613 1413 4663 L.
1440 4611 1679 4663 descivit
1703 4639 1769 4650 —
1801 4623 1913 4661 1-2.
1952 4607 2311 4677 rebelliones]
2353 4613 2409 4663 V.
2437 4612 2819 4663 rebbelliones
2845 4640 2909 4649 -
2938 4624 3048 4676 2-3.
3086 4615 3221 4664 sunt
3257 4613 3489 4679 animis]
3532 4616 3587 4665 V.
3613 4615 3825 4666 animis
3859 4616 3991 4665 sunt
4019 4641 4084 4651 —
4122 4628 4174 4682 3.
4213 4612 4522 4683 pontificis]

806 4699 867 4751 S.
880 4699 952 4748 R.
991 4696 1346 4765 pontificias3
1371 4698 1454 4747 Μ.
1480 4695 1791 4764 pontificeS,
1816 4696 1889 4745 da
1914 4694 2001 4746 cui
2023 4697 2074 4744 il
2092 4696 2252 4747 Mun.
2275 4694 2601 4763 pontificias
2621 4723 2686 4733 —
2708 4710 2821 4762 3·4.
2850 4696 3264 4764 imperatorias]
3298 4696 3358 4748 V.
3370 4697 3438 4748 P.
3466 4698 3826 4766 imperatoris
3845 4726 3913 4735 —
3936 4709 3987 4763 5.
4006 4696 4264 4762 cohorte]
4292 4700 4331 4747 l.
4351 4699 4422 4748 R.
4438 4700 4519 4749 M.

802 4783 1000 4833 coorte
1035 4806 1060 4820 ·
1095 4779 1187 4846 eo]
1239 4781 1297 4831 V.
1320 4781 1380 4832 et
1415 4779 1563 4830 obiti
1589 4794 1657 4830 eo
1694 4806 1763 4817 -
1802 4776 1853 4828 6.
1879 4777 2039 4844 seva]
2080 4780 2153 4829 R.
2191 4779 2348 4829 aevia
2387 4804 2454 4815 —
2495 4788 2544 4843 7.
2569 4776 2888 4843 clvitatum]
2929 4780 2993 4832 Ο.
3031 4781 3293 4832 civitates
3329 4809 3395 4818 —
3438 4795 3519 4831 10.
3547 4780 3989 4847 navigaverant]
4026 4783 4110 4832 Μ.
4138 4784 4521 4849 navigarunt3

804 4866 863 4916 S.
901 4865 1281 4930 navigavrant
1318 4870 1552 4914 corretto
1577 4863 2021 4927 posteriormente
2049 4863 2109 4913 in
2145 4861 2560 4930 navigaverant
2584 4890 2649 4900 —
2683 4877 2763 4913 11.
2787 4863 2975 4931 grece]
3017 4866 3074 4916 8.
3100 4865 3288 4931 grecie
3326 4890 3351 4904 ·
3388 4863 3650 4929 diversis]
3690 4866 3748 4916 S.
3776 4864 3980 4916 divisis
4007 4893 4072 4903 —
4106 4880 4186 4931 14.
4213 4864 4398 4931 Luca]
4438 4868 4520 4916 M.

720 4959 748 5014 5
800 4951 1017 5007 ΙΛιοεις
1056 4949 1129 4998 R.
1169 4947 1360 4997 Lucca
1397 4953 1634 4998 corretto
1669 4948 1726 4997 in
1762 4947 1914 4997 Luca
1951 4972 1977 4986 -
2013 4945 2242 5011 magne]
2280 4948 2348 4996 P.
2374 4962 2528 4997 omna.
2566 4974 2633 4983 —-
2676 4956 2757 5011 15.
2796 4947 3114 5014 utrumque]
3156 4950 3220 5000 0.
3244 4950 3300 5000 S.
3340 4951 3617 5013 utrunque
3641 4976 3708 4985 —
3752 4960 3834 5010 17.
3860 4947 4115 5014 regnare]
4156 4951 4229 5000 R.
4256 4953 4522 5017 regnaret

810 5059 835 5072 ·
868 5029 1084 5101 anxiJs]
1123 5032 1190 5081 P.
1230 5031 1422 5098 anxij3
1464 5032 1535 5081 R.
1574 5031 1763 5097 anxiis
1799 5030 1951 5080 coll’s
1988 5035 2202 5093 espunto
2236 5056 2303 5066 —
2347 5029 2428 5080 18.
2467 5029 2875 5096 obstinatique]
2917 5032 3227 5085 obstinatis
3264 5059 3330 5069 -—-
3374 5047 3456 5098 19.
3496 5031 3783 5099 perpensi]
3831 5032 3887 5082 S.
3916 5034 3987 5082 R.
4012 5034 4099 5083 Μ.
4139 5034 4411 5101 propensi
4451 5061 4517 5071 —

807 5129 891 5167 2ο.
930 5112 1404 5184 oportunitatem]
1455 5115 1512 5165 V.
1551 5114 2072 5181 opportunitatem3
2108 5115 2181 5163 R.
2202 5115 2286 5163 M.
2324 5113 2908 5181 opportunitatemque
2946 5139 2970 5152 ·
3000 5115 3284 5182 prevenit]
3325 5117 3398 5166 R.
3421 5117 3503 5166 Μ.
3528 5115 3585 5166 S.
3624 5116 3882 5184 pervenit
3918 5145 3984 5153 —
4027 5131 4111 5168 21.
4150 5115 4406 5182 occasio]
4463 5119 4520 5169 V.

801 5200 1060 5250 occassio
1098 5223 1121 5234 -
1158 5196 1300 5262 iam]
1355 5196 1411 5246 V.
1452 5213 1601 5247 omm.
1628 5223 1695 5233 —
1735 5209 1818 5246 22.
1844 5196 2077 5263 Salutis]
2115 5197 2197 5248 I’S
2233 5212 2459 5248 azzurro
2493 5199 2553 5247 in
2592 5200 2651 5249 C.
2679 5213 2708 5246 e
2741 5198 2779 5246 I.
2806 5225 2871 5235 —
2913 5209 2997 5261 23.
3022 5196 3407 5262 conditiones]
3448 5199 3513 5249 0.
3550 5198 3944 5251 condictiones
3979 5224 4004 5238 ·
4038 5199 4409 5266 Innocentio]
4452 5203 4516 5253 0.

798 5281 1094 5333 Inocentio
1132 5308 1198 5319 —
1252 5294 1337 5346 ²4·
1378 5278 1599 5347 ingens]
1641 5282 1711 5330 P.
1746 5280 1802 5332 V.
1842 5280 2042 5348 ingens
2090 5280 2205 5332 iam
2241 5307 2265 5319 -
2303 5278 2695 5346 continuarat]
2730 5283 2798 5332 P.
2834 5283 2890 5333 V.
2941 5284 3409 5346 continuaverat3
3454 5285 3522 5334 L.
3561 5285 3921 5334 continuaret
3953 5310 4020 5320 —
4073 5294 4158 5349 25.
4196 5284 4294 5335 sed
4339 5286 4518 5338 etiam

687 5379 752 5417 10
796 5362 932 5430 tres]
968 5364 1036 5414 P.
1075 5364 1173 5415 sed
1208 5366 1322 5415 tres
1359 5364 1533 5416 etiam
1571 5389 1596 5402 ·
1631 5361 1769 5427 tres]
1799 5365 1872 5414 R.
1899 5379 2049 5414 onam.
2076 5391 2144 5402 -
2184 5362 2271 5415 26.
2307 5361 2388 5427 et]
2429 5365 2502 5414 R.
2523 5365 2609 5414 M.
2637 5378 2788 5414 onam.
2827 5390 2850 5401 -
2886 5363 3174 5432 Apuliam]
3216 5368 3281 5416 Ο.
3307 5365 3581 5431 Apuliam
3615 5366 3968 5431 gubernabat
3992 5392 4017 5405 ·
4051 5365 4145 5432 ac]
4185 5369 4366 5419 R-lll.
4403 5372 4464 5421 et
4497 5395 4521 5408 ·

800 5446 1032 5513 ceteras]
1062 5447 1121 5499 S.
1157 5447 1357 5498 ceteris
1394 5471 1420 5485 -
1454 5444 1829 5513 gubernabat]
1873 5446 1937 5496 0.
1975 5462 2126 5498 onam.
2165 5474 2233 5484 —
2272 5456 2356 5511 27.
2395 5443 2660 5515 spetiem]
2701 5448 2766 5498 0.
2801 5446 2944 5499 V.P.
2967 5450 3143 5499 RM.
3182 5449 3424 5516 speciem
3463 5474 3487 5486 -
3522 5447 3784 5514 Romam]
3825 5450 3897 5499 R.
3923 5450 4241 5501 Romanam
4278 5475 4303 5488 ·
4343 5451 4520 5503 Inno-

798 5531 1072 5598 centium]
1114 5532 1179 5583 O.
1215 5531 1570 5583 Inocentium
1609 5558 1675 5567 —
1717 5531 1801 5583 28.
1840 5529 2129 5595 civilibus]
2167 5533 2234 5581 Ρ.
2273 5546 2424 5581 omm.
2464 5557 2487 5568 -
2525 5530 2733 5596 secute]
2776 5533 2841 5583 0.
2862 5535 2946 5584 M.
2984 5536 3214 5600 sequute
3259 5558 3317 5569 —
3357 5545 3440 5599 29.
3467 5531 3605 5597 tres]
3632 5534 3701 5584 L.
3728 5535 3835 5583 tris
3860 5562 3926 5570 —
3955 5546 4139 5600 ²9·30·
4169 5533 4516 5603 Galeactius]

815 5618 1069 5670 V.R.M.
1093 5616 1151 5668 S.
1193 5613 1495 5666 Galeatius
1531 5642 1598 5652 —
1636 5629 1723 5682 31.
1761 5613 2090 5681 legiptimis]
2129 5615 2198 5665 L.
2233 5614 2585 5683 legitimum3
2652 5617 2705 5667 V.
2746 5616 3078 5683 legittimis3
3119 5616 3676 5682 L.R.M.1egit1mis
3717 5644 3781 5655 -
3818 5630 3906 5684 32.
3944 5624 4065 5669 erat
4113 5616 4248 5683 dux]
4289 5619 4361 5669 R.
4403 5620 4516 5670 dux

799 5704 920 5752 erat
955 5726 982 5740 -
1014 5699 1143 5767 hec]
1179 5701 1247 5749 P.
1286 5715 1438 5750 omm.
1477 5726 1502 5739 ·
1537 5696 1823 5767 tempora]
1860 5700 1926 5749 P.
1965 5701 2226 5768 tempora
2263 5699 2367 5749 hec
2405 5726 2471 5736 —
2510 5711 2598 5765 33.
2633 5697 2772 5764 fere]
2811 5725 2837 5739 -
2878 5701 2935 5752 V.
2971 5699 3369 5767 feri-tyranni]
3409 5702 3446 5750 l.
3475 5701 3543 5751 L.
3579 5704 3643 5753 O.
3684 5703 3964 5769 tyramni3
3998 5703 4066 5754 Ρ.
4097 5702 4156 5754 8.
4184 5702 4406 5755 tiranni
4448 5730 4514 5742 —

683 5796 745 5849 15
797 5796 882 5851 34.
923 5781 1299 5848 Francorum]
1338 5785 1378 5832 l.
1400 5785 1469 5834 L.
1510 5782 1895 5834 Franchorum
1935 5807 1958 5818 -
1996 5780 2381 5847 Buccicaldus]
2418 5783 2485 5831 P.
2523 5782 2856 5834 Buccialdus
2894 5809 2962 5818 —
2996 5792 3081 5849 35.
3119 5781 3368 5848 quoque]
3408 5783 3467 5835 8.
3503 5798 3616 5849 quo
3652 5810 3678 5824 -
3717 5783 3873 5849 urbe]
3912 5786 3985 5837 R.
4023 5785 4262 5837 civitate

982 5924 1002 5961 ¹
1041 5926 1135 5979 Cf.
1156 5930 1245 5979 De
1278 5927 1630 5992 Temporibus,
1658 5929 1736 5977 ad
1757 5946 1842 5980 an.
1874 5939 2038 5994 1405:
2067 5930 2094 5958 “
2115 5929 2429 5991 Ladislaus,
2457 5928 2612 5994 Apu·
2721 5929 2750 5957 “
2767 5928 2972 5980 tificem
3020 5943 3208 5981 arma.
3227 5965 3302 5984 ...
3355 5930 3498 5982 Post
3545 5943 3688 5997 quae
3736 5928 4177 5998 perterre-factus
4243 5931 4518 5983 Pontifex

805 6013 833 6042 ‘¹
850 6013 959 6064 liae
995 6027 1110 6076 rex,
1148 6027 1246 6080 per
1280 6012 1572 6064 amicitIae
1609 6015 1852 6080 speciem
1886 6015 2129 6065 Romam
2166 6015 2454 6080 ingressus
2496 6015 2611 6064 Ro·
2722 6007 2750 6037 “
2771 6013 2929 6064 omni
2948 6015 3251 6066 curialium
3272 6017 3440 6068 turba
3456 6014 3780 6067 viterbium
3798 6015 4197 6082 commigravit
4211 6050 4242 6081 9
4263 6013 4385 6083 (La
4402 6033 4435 6067 u
4457 6032 4518 6082 r.,
4573 6024 4638 6062 2ο

803 6097 833 6130 “
852 6111 1052 6151 manos
1099 6098 1416 6152 concitavit
1450 6097 1733 6166 effecitque
1772 6100 1837 6150 ut
1885 6101 2169 6152 sumerent
2216 6100 2420 6150 contra
2454 6099 2608 6150 Pon·
2717 6097 2893 6162 LXV,
2930 6095 3041 6166 45).
