4823 7100
1199 476 1344 565 DE
1399 474 2114 564 CAPTIVITATE
2165 470 2638 562 PEARIJ'M
2689 470 3008 560 LIBER
3862 470 3962 554 23

434 764 541 831 Ita
586 761 1443 851 compositam-ebriacum
1486 760 1623 829 iam
1666 761 1945 849 paulum
1988 761 2234 829 noctis·
2280 759 2752 846 processisset,
2794 759 3098 826 incensis
3140 754 3966 846 pei-urbemflammiset

8 882 9 953 ψ
256 860 395 936 sits
437 868 923 937 resonantibus
966 864 1376 949 meniis,
1420 868 1773 959 ingenim
1813 868 2045 935 inesse
2089 864 2373 933 ienuam
2420 862 2929 934 ostendebam.
3021 860 3171 942 Qui
3219 864 3560 931 exercitui
3621 872 3963 950 preerant,

8 980 9 1003 ¹
260 973 457 1066 dubii
504 975 711 1063 quid'
756 975 1018 1066 negoti]
1084 985 1284 1054 esset,
1341 975 1585 1042 intenti
1646 974 2125 1061 expectabant.
2216 974 2446 1040 Nocte
2505 985 2654 1040 tota
2710 964 2883 1038 nihil
2942 972 3327 1060 cognitum:
3387 970 3784 1038 albescente
3845 968 3962 1036 die

255 1078 662 1172 Burgundie
707 1082 927 1148 Ducis
968 1083 1170 1170 signa
1212 1092 1609 1168 speetantur
1652 1081 2053 1149 editioribus
2094 1096 2223 1167 per
2264 1079 2506 1147 urbem
2552 1079 2728 1145 locis
2748 1076 2788 1144 ¹.
2879 1079 2961 1145 In
3006 1078 3211 1144 tertia
3243 1074 3556 1145 eiusdem
3601 1077 3744 1144 diei
3788 1075 3965 1142 hora

179 1184 214 1253 5
258 1187 461 1254 miles
507 1188 801 1267 facetus,
846 1187 1065 1273 ipsius
1105 1186 1321 1254 Ducis
1364 1186 1660 1264 curialis,
1704 1185 1776 1252 in
1822 1178 2047 1252 detra
2088 1186 2447 1272 proiectus
2489 1183 2736 1251 edixit:
2784 1185 2888 1251 sui
2933 1184 3151 1251 Ducis
3179 1204 3328 1250 ουκ
3360 1184 3668 1270 pisanam
3696 1183 3966 1260 urbemz

257 1306 640 1381 μώμεθα
682 1294 777 1361 ab
817 1293 1189 1359 inferenda
1232 1293 1475 1358 inimia
1518 1294 1806 1380 quisque
1852 1290 2233 1358 abstineret
2276 1306 2317 1357 e
2377 1290 2678 1378 locoque
2735 1289 3157 1357 ffiscedeoet.
3248 1289 3505 1357 Paucis
3563 1308 3967 1377 responsum

256 1400 333 1465 ei
356 1401 600 1468 datum
629 1412 758 1466 est:
794 1399 1234 1467 florentinum
1265 1399 1597 1486 populum
1628 1399 1805 1465 scire
1838 1398 2147 1485 pisanam
2179 1397 2421 1464 urbem
2452 1397 2544 1464 ad
2573 1396 3129 1486 Burgundiorum
3159 1397 3427 1464 Ducem
3455 1415 3597 1462 non
3644 1396 3967 1473 attinere3

257 1507 449 1573 Duci
493 1507 627 1594 ipsi
668 1506 1073 1594 inutilisque
1117 1524 1239 1572 sue
1287 1506 1727 1573 Florentinos
1768 1502 1974 1593 longe
2023 1505 2240 1595 magis
2283 1504 2551 1571 amicos
2579 1525 2785 1591 quam
2814 1504 3104 1571 Pisanos
3147 1520 3418 1589 semper
3448 1503 3694 1581 fuisse3
3743 1503 3969 1569 conti-

256 1630 536 1701 noeque
583 1612 864 1679 easdem
906 1623 1141 1698 partes
1183 1622 1341 1678 cum
1386 1613 1584 1679 Duce
1630 1611 2067 1679 Florentinos
2108 1626 2440 1689 servasse,
2487 1609 2778 1677 Pisanos
2821 1626 2990 1676 vero
3031 1606 3366 1687 diversam
3412 1608 3575 1675 ideo
3606 1626 3729 1675 suo
3773 1609 3972 1695 prin·-

144 1720 215 1786 10
256 1718 399 1805 cipi
449 1720 717 1786 diceret
762 1712 1198 1785 Florenthios
1242 1710 1673 1785 obsidionem
1719 1734 1861 1784 non
1907 1717 2198 1796 where,
2245 1714 2405 1804 quia
2451 1716 2699 1783 iustum
2745 1727 2996 1805 gerunt
3041 1715 3296 1782 bellum
3350 1727 3423 1782 et
3481 1716 3556 1781 in
3615 1734 3692 1782 re
3753 1716 3969 1782 Ducis

248 1824 474 1913 magis
521 1844 670 1891 esse
718 1835 1147 1912 cognoscunt
1190 1823 1626 1891 florentinum
1674 1822 2025 1910 populum,
2072 1820 2207 1889 sibi
2250 1824 2525 1909 suisque
2572 1822 3080 1901 amicissimum,
3128 1834 3333 1910 quam
3377 1821 3686 1901 Pisanos,
3739 1822 3973 1888 diver-

253 1949 487 1997 sas-mn
532 1930 830 2017 partium
872 1942 1273 2008 sectatores,
1318 1929 1515 1997 Pisas
1558 1942 1818 1996 mere.
1908 1924 2229 1996 Profecti
2268 1928 2365 1994 ita
2407 1929 2951 2015 respondet-unu
3000 1927 3202 1995 mil‘es
3246 1940 3479 1995 tamen
3527 1928 3642 1994 die
3675 1939 3820 1995 tota
3848 1949 3976 2014 pe-

253 2036 685 2105 rambulavit
724 2047 951 2103 cati-a
997 2036 1265 2103 cunctis
1296 2034 1610 2103 edicens·
1658 2035 1890 2102 odium
1922 2034 2186 2102 domini
2218 2035 2342 2114 συί»
2377 2035 2508 2101 nisi
2539 2036 3004 2103 discederent.
3097 2035 3259 2115 Qua
3306 2034 3772 2122 publicatione
3807 2042 3964 2102 cuin

252 2143 455 2210 multi
500 2154 970 2232 manauit,
1017 2141 1426 2210 audaciores
1469 2141 1770 2230 quidam,
1816 2154 2027 2208 nocte
2071 2141 2344 2208 facinus
2403 2150 2708 2229 tegente,
2771 2150 3049 2228 captum
3111 2142 3302 2208 illum
3357 2152 3397 2208 e
3457 2138 3690 2208 medio
3750 2154 3966 2230 ponte

143 2248 210 2317 15
252 2251 713 2338 proiecerunt
753 2250 823 2315 in
866 2249 1143 2319 flumen.
1235 2251 1445 2317 Forte
1493 2249 1685 2336 lig-no
1729 2247 1957 2315 aliove
1986 2247 2455 2314 sustentaculo
2489 2258 2576 2312 an
2609 2248 2839 2314 nando
2869 2248 3188 2327 evaserit,
3233 2249 3573 2317 incertum
3621 2258 3745 2315 est.
3835 2249 3973 2317 Ce-

255 2369 484 2424 terum
531 2355 955 2423 Florentiam
999 2355 1190 2423 vemt
1231 2354 1666 2442 deplorando
1714 2368 1949 2423 cusum
1995 2364 2227 2433 sutum
2276 2364 2535 2434 verum,
2570 2372 2659 2420 ne
2706 2355 2798 2421 de
2841 2353 2954 2421 his
2990 2355 3199 2422 rebus
3243 2354 3491 2421 creber
3534 2355 3977 2423 suscitaretur

251 2476 515 2542 rumen,
558 2462 789 2531 statim
836 2463 1113 2529 civitate
1159 2463 1509 2529 emittitur*
1599 2463 1778 2530 Cum
1819 2462 2141 2551 rediisset
2183 2473 2434 2548 postea
2459 2462 2737 2529 domum
2770 2473 2839 2528 et
2869 2463 3061 2528 facta
3089 2461 3491 2551 infectaque
3539 2472 3978 2549 exasperaret

254 2568 495 2649 dietis,
541 2569 761 2636 Ducb
801 2570 1100 2635 animum
1142 2569 1216 2633 in
1261 2566 1703 2635 Florentium
1743 2568 1975 2635 movit.
2066 2564 2231 2646 Quo
2276 2568 2440 2635 odie
2495 2568 2774 2655 quidam
2835 2568 3180 2635 florentini
3242 2568 3453 2647 cives,
3515 2567 3637 2656 qui
3694 2569 3767 2633 in
3827 2570 3975 2636 eius

253 2677 627 2763 provincia
670 2672 1221 2765 negotiabantur,
1264 2674 1513 2741 iniuria
1555 2676 1795 2743 effecti
1841 2687 1997 2742 sunt
2030 2686 2105 2741 et
2130 2674 2317 2741 bena
2342 2674 2478 2740 illis
2521 2674 2878 2761 adempta3
2909 2674 3088 2741 inter
3119 2690 3292 2763 quos
3320 2673 3566 2740 Petrus
3597 2672 3975 2743 Cambinus

136 2784 215 2849 20
260 2794 515 2870 captus
560 2782 692 2849 fult
737 2794 811 2849 et
853 2781 1129 2848 mouns
1168 2778 1363 2848 tedio
1407 2781 1840 2869 pecuniaque
1888 2782 2325 2848 mulctatus.
2278 2778 2304 2819 ²

444 2888 646 2955 Irrita
688 2899 1007 2955 maneta
1052 2902 1261 2954 osma
1305 2887 1707 2954 Pisanos-um
1753 2887 2129 2966 deditione
2170 2886 2560 2954 Florentini'
2600 2887 2858 2953 maiore
2903 2887 2974 2953 vi
3018 2888 3366 2956 civitatem
3411 2816 3770 2978 urgebant.
3863 2888 3972 2956 Eo

255 3008 583 3082 tempore
628 3006 861 3061 nostr-e
906 2994 1144 3061 militie
1188 2995 1539 3082 princeps,
1586 3006 1665 3061 ut
1705 2994 2016 3073 diximus,
2066 3005 2214 3060 erat
2255 2994 2487 3061 Lueas
2532 2994 2908 3061 Fiescanus
2966 2996 3354 3082 genuensis,
3415 2996 3729 3083 quicum·
3777 2996 3973 3063 multi

258 3103 680 3170 Genuems
721 3099 1128 3167 militabant.
1199 3100 1468 3179 Genus,
1501 3113 1578 3167 ut
1606 3114 1816 3187 supra
1842 3098 2283 3179 ostendimus,
2314 3100 2780 3168 Buccicaldos
2806 3120 2936 3186 pro
2969 3098 3395 3168 Francorum
3429 3102 3631 3193 Rege
3664 3104 3973 3193 regebat.

257 3209 618 3277 Vei-entes
658 3206 863 3297 igitur
909 3207 1314 3286 Florentini,
1360 3222 1448 3274 ne
1494 3206 1657 3275 Rex
1702 3220 1744 3272 a
1789 3208 1984 3274 Duce
2030 3218 2370 3295 gravatus,
2417 3206 2844 3274 Bucciealdo
2890 3208 3268 3288 mandaret,
3299 3218 3377 3275 ut
3421 3227 3543 3276 suo
3589 3211 3822 3278 edicto
3849 3212 3980 3280 sibi

134 3314 213 3382 25
258 3314 584 3383 subditos
625 3310 877 3380 milites
919 3326 1303 3395 revocaret,
1349 3314 1775 3380 Buccicsldo
1820 3313 1973 3400 ipso
2004 3312 2404 3381 consulente
2452 3324 2524 3380 et
2565 3314 2924 3401 publicam
2946 3300 3294 3381 licentiam
3325 3316 3558 3397 dante,
3591 3336 3831 3386 omnes
3857 3340 3983 3408 ge-

257 3440 567 3491 nuenses
609 3420 859 3487 milites
902 3421 1152 3487 iterum
1197 3420 1588 3510 obligarunt
1632 3420 1872 3487 militie
1917 3431 2370 3498 sacramento,
2432 3438 2762 3505 expresso
2819 3420 2894 3484 in
2951 3420 3247 3487 formula
3307 3423 3727 3491 iuramento:
3792 3426 3980 3513 quod

258 3526 462 3597 nullo
509 3539 762 3596 eventu
804 3540 1230 3614 preceptore
1288 3527 1477 3594 intra
1534 3527 1993 3614 prescriptum
2039 3539 2307 3614 tempus
2352 3548 2393 3593 e
2439 3526 2679 3594 militia
2741 3526 3200 3596 discederent.
3293 3528 3450 3597 Nec
3494 3529 3749 3598 frustra
3794 3531 3985 3599 facta

260 3648 370 3704 est
416 3636 556 3702 hec
603 3634 957 3723 obligatio.
1050 3635 1232 3704 Nam
1278 3633 1643 3720 requisitus
1700 3634 2138 3720 postmodum
2200 3635 2290 3700 de
2351 3633 2803 3700 revocatione
2863 3633 3327 3703 Buccicaldus
3388 3634 3535 3724 ipse
3596 3638 3981 3726 militesque

259 3740 719 3831 obligationis
762 3741 911 3807 iure
956 3739 1332 3807 liberantur
1358 3739 1405 3808 ³.

132 3852 214 3917 30
452 3850 607 3916 Hac
654 3847 1050 3918 accessione
1096 3868 1427 3915 novarum
1472 3867 1699 3915 rerum
1743 3847 1962 3915 nihilo
2007 3848 2284 3938 segnius
2330 3849 2713 3916 Florentini
2759 3849 3111 3918 civitatem
3156 3851 3496 3940 urgebant
3509 3877 3530 3932 ς
3576 3853 3721 3933 sed,
3768 3855 3990 3922 auctis

258 3955 629 4025 nocturnis
674 3953 1091 4033 custodibus,
1136 3954 1526 4043 vigilantius
1574 3953 2053 4034 observabant,
2100 3976 2190 4021 ne
2234 3955 2509 4045 ingredi
2554 3956 2803 4044 aliquis
2847 3969 2966 4023 aut
2995 3959 3241 4045 egredi
3283 3971 3539 4045 posset.
3630 3959 3842 4026 Unde
3871 3979 3981 4027 se-

258 4064 435 4132 dulo
480 4063 561 4129 in
607 4061 757 4129 dies
816 4061 1037 4149 magis
1080 4081 1164 4127 ae
1211 4061 1487 4129 demum
1530 4061 1803 4149 penitus
1846 4060 2324 4129 intollerabilis
2367 4061 2794 4130 efficiebatur
2837 4063 3084 4151 pisani'
3126 4065 3365 4152 populi
3409 4065 3670 4144 fames3
3718 4066 3970 4146 donec,

261 4332 397 4385 dari
439 4355 464 4371 ·
516 4327 761 4398 negotii]
816 4331 876 4383 C.
904 4330 971 4382 0.
996 4331 1061 4381 P.
1112 4331 1332 4400 negoci]
1384 4359 1450 4368 —-
1508 4345 1553 4381 1.
1594 4327 1840 4402 paulum]
1891 4329 1957 4381 P.
2007 4341 2239 4396 ραι-πως
2290 4334 2362 4383 R.
2391 4333 2472 4382 M.
2522 4331 2806 4400 paululum
2858 4361 2924 4371 —
2977 4343 3026 4384 2.
3075 4331 3430 4400 strumentis]
3486 4333 3544 4387 S.
3596 4337 3926 4388 strumentis
3962 4364 3985 4376 -

262 4413 481 4482 inesse]
524 4418 597 4469 R.
636 4423 759 4468 esse
793 4442 818 4455 -
851 4413 1275 4481 ostendebatur]
1312 4413 1384 4465 R.
1425 4415 1760 4467 ostendebat
1796 4445 1861 4454 —-
1902 4426 1952 4480 3.
1991 4413 2235 4483 negotii]
2286 4417 2345 4468 C.
2381 4415 2447 4466 Ο.
2475 4418 2540 4467 Ρ.
2580 4416 2803 4485 negoci]
2843 4443 2865 4455 -
2904 4416 3079 4484 esset]
3120 4418 3191 4468 R.
3228 4421 3422 4471 essent
3455 4444 3479 4458 ·
3517 4415 3685 4487 nibil]
3724 4422 3761 4471 l.
3799 4422 3980 4473 nichil

266 4527 337 4537 —
379 4516 433 4567 4.
471 4495 825 4569 spectantur]
880 4499 939 4551 V.
976 4500 1347 4568 expectantur
1386 4522 1407 4537 ·
1441 4498 1508 4549 In
1544 4496 1740 4564 tertia]
1782 4499 1839 4549 S.
1864 4499 2039 4550 ΕΜ
2077 4498 2303 4550 Interea
2340 4528 2404 4536 —
2446 4509 2494 4563 ς.
2533 4499 2739 4569 ipsius]
2795 4499 2849 4553 V.
2887 4502 3047 4553 cuius
3086 4530 3152 4539 —
3189 4509 3241 4567 7.
3278 4502 3762 4570 Burgundiorum]
3801 4506 3875 4556 R.
3901 4507 3988 4556 M.

262 4583 735 4650 Burgundionem
774 4609 798 4621 -
832 4580 1103 4648 attinere]
1140 4584 1204 4633 P.
1242 4581 1499 4634 adtinere
1536 4612 1602 4621 —
1640 4581 1690 4632 8.
1731 4580 2119 4648 Florentinos]
2172 4583 2227 4634 V.
2266 4583 2563 4635 Florentes
2604 4609 2628 4622 ·
2665 4584 2906 4654 semper]
2945 4587 3011 4636 P.
3049 4601 3196 4636 omne.
3236 4614 3302 4623 —
3346 4600 3427 4637 10.
3465 4586 3696 4654 diceret]
3733 4588 3799 4638 P.
3837 4589 3991 4641 dicet

174 4680 203 4733 5
270 4694 339 4704 —
386 4680 472 4719 12.
510 4665 847 4733 sectatores]
885 4670 941 4717 tn
980 4668 1041 4717 C.
1076 4682 1138 4716 su
1173 4665 1343 4718 litam
1378 4693 1402 4705 -
1439 4668 1531 4719 die
1565 4663 1710 4731 tota]
1751 4668 1824 4717 R.
1846 4669 1929 4718 M.
1969 4669 2093 4718 tota
2129 4665 2223 4717 die
2260 4695 2325 4704 —
2366 4677 2450 4732 15.
2487 4667 2894 4735 sustentaculo]
2935 4671 2972 4720 Ι.
2999 4665 3066 4720 L.
3106 4671 3163 4722 V.
3189 4670 3255 4720 P.
3283 4669 3354 4720 R.
3382 4671 3466 4721 Μ.
3503 4671 3925 4724 substentaculo
3963 4699 3988 4712 -

263 4750 371 4818 an]
418 4754 492 4803 R.
532 4753 721 4814 amni3
760 4751 818 4802 S.
857 4763 948 4803 am
984 4755 1214 4802 correcto
1238 4751 1297 4802 in·
1320 4765 1513 4815 amne3
1547 4752 1632 4801 M.
1658 4763 1807 4802 anne
1832 4781 1897 4790 —
1930 4760 2010 4816 17.
2038 4747 2344 4816 emittitur]
2380 4751 2449 4802 L.
2485 4750 2772 4804 emictitur
2808 4777 2830 4790 ·
2867 4751 3245 4819 exasperaret]
3285 4757 3366 4806 M.
3405 4758 3724 4821 expectaret
3758 4763 3990 4808 correzzo

263 4838 373 4888 dal
405 4837 571 4889 Mun.
608 4836 663 4885 in
699 4837 1037 4904 exprimeret
1073 4862 1139 4872 —
1182 4833 1264 4886 18.
1300 4833 1490 4901 dictis]
1531 4837 1604 4886 R.
1629 4837 1712 4886 M.
1750 4849 1898 4886 onum.
1937 4859 1961 4873 ·
2009 4836 2202 4885 Ducis.
2227 4869 2270 4884 ..
2294 4870 2308 4885 .
2359 4834 2747 4902 Florentinos]
2802 4837 2856 4887 V.
2893 4837 3073 4887 Ducis
3125 4839 3186 4888 in
3223 4838 3587 4890 Florentino·
3634 4841 3883 4892 animum
3923 4869 3989 4880 ——

274 4937 360 4990 19.
390 4918 861 4987 negotiabantur]
903 4920 964 4971 C.
995 4919 1057 4969 0.
1076 4919 1143 4968 P.
1167 4917 1236 4969 R.
1274 4919 1720 4987 negociabantur
1746 4947 1812 4956 —
1839 4931 1925 4970 2ο.
1952 4916 2131 4983 tedio]
2167 4920 2230 4969 0.
2259 4918 2454 4970 thedio
2492 4944 2516 4957 ·
2552 4918 2878 4985 mulctatus]
2921 4921 2976 4971 V.
2996 4921 3063 4972 P.
3101 4923 3371 4974 multatus
3397 4952 3463 4961 —
3490 4936 3575 4974 21.
3603 4926 3893 4994 enarrata]
3933 4931 3991 4982 V.

264 5006 585 5058 canat-rata
622 5029 646 5041 ·
684 4997 992 5068 deditione]
1046 5003 1103 5053 V.
1140 5000 1447 5055 deditionis
1486 5028 1509 5042 ·
1545 5002 1780 5068 maiore]
1838 5003 1894 5055 V.
1931 5002 2170 5054 maiores
2199 5030 2264 5039 -
2290 5014 2375 5052 22.
2404 5005 2601 5054 nostre
2635 5003 2834 5054 militie
2857 5003 3149 5073 princeps]
3185 5007 3250 5056 P.
3277 5007 3544 5076 princeps
3570 5013 3764 5060 nostre
3787 5011 3987 5063 militie

144 5103 206 5143 10
263 5115 289 5129 ·
327 5084 663 5156 genuensis]
701 5090 770 5139 L.
805 5086 1080 5154 mutiensi
1117 5111 1141 5124 ·
1173 5085 1421 5153 quiqum]
1460 5089 1533 5139 R.
1553 5089 1636 5138 M.
1673 5100 1913 5153 quocum
1964 5114 2031 5124 —
2080 5098 2164 5151 23.
2202 5079 2590 5153 Buccicaldus]
2624 5088 2691 5137 P.
2718 5087 3050 5140 Buccialdus
3091 5115 3116 5128 -
3153 5090 3522 5159 Francorum]
3561 5093 3600 5142 l.
3620 5095 3689 5145 L.
3707 5096 3774 5146 P.
3814 5096 3993 5147 Fran·

261 5174 512 5225 chorum
551 5200 617 5209 —
658 5184 742 5236 24.
779 5169 1132 5235 Bueciealdo]
1172 5172 1238 5222 P.
1275 5169 1577 5222 Buocialdo
1604 5198 1669 5208 —
1696 5180 1783 5235 25.
1820 5167 2102 5234 subditos]
2141 5170 2215 5220 R.
2251 5169 2534 5221 subiectos
2560 5200 2625 5208 -
2654 5168 2738 5221 26.
2766 5169 2998 5237 milites]
3034 5175 3101 5224 P.
3127 5189 3278 5225 oum.
3306 5199 3330 5213 ·
3366 5174 3707 5242 iuramento]
3745 5180 3815 5229 P.
3841 5178 3994 5233 iura·

264 5261 455 5313 menti
484 5287 551 5298 —
576 5267 663 5325 27.
687 5256 1049 5327 preceptove]
1091 5258 1149 5309 S.
1171 5260 1244 5309 R.
1271 5260 1563 5327 preoept03
1588 5260 1672 5309 M.
1698 5259 1799 5311 aut
1821 5260 2088 5325 precepto
2115 5286 2181 5295 —
2209 5259 2293 5310 28.
2319 5258 2713 5326 Buccicaldus]
2741 5261 2809 5311 P.
2833 5261 3164 5314 Bucciaidus
3189 5291 3254 5300 —
3280 5274 3367 5326 30.
3394 5262 3598 5330 nihilo]
3624 5266 3664 5316 Ι.
3685 5266 3753 5317 L.
3780 5269 3992 5321 nichilo

265 5376 337 5386 —-
375 5358 471 5412 31.
508 5341 863 5407 custodibus]
900 5344 968 5394 P.
1005 5342 1283 5410 custodiis
1317 5368 1341 5382 ·
1377 5339 1606 5409 aliquis]
1645 5343 1717 5392 R.
1740 5343 1823 5393 Μ.
1861 5341 2078 5409 aliquid
2106 5371 2171 5380 —
2196 5354 2283 5408 32.
2310 5341 2677 5410 efficiebam]
2721 5342 2784 5394 C.
2810 5345 3125 5397 effioebatur
3147 5371 3172 5384 -
3194 5345 3383 5411 pisani
3422 5345 3647 5416 populi]
3686 5349 3746 5401 S.
3784 5351 3987 5417 pisano

266 5429 499 5500 populo
536 5453 560 5467 ·
598 5425 802 5493 donec]
855 5428 911 5479 V.
949 5427 1168 5479 donehc

145 5611 204 5664 15
454 5593 476 5630 ¹
512 5597 774 5650 Secondo
798 5594 1100 5650 l'Aaeenimo
1116 5599 1318 5649 Pisano
1334 5600 1451 5661 cit„
1472 5611 1599 5667 pag.
1618 5596 1707 5662 65,
1727 5596 1859 5650 Pisa
1878 5598 2079 5650 arreb-
2186 5613 2224 5650 a
2258 5599 2490 5651 Fir-ense
2525 5613 2641 5651 una
2671 5598 2890 5664 lettera,
2925 5600 3177 5653 arrivata
3208 5596 3338 5653 coli
3362 5602 3403 5653 il
3432 5615 3494 5653 12
3521 5606 3744 5670 agusto,
3770 5620 3872 5672 per
3895 5617 4000 5659 no·

259 5684 335 5736 be
374 5681 620 5734 inalzate
653 5681 710 5732 le
746 5680 981 5748 insegne
1018 5681 1079 5732 di
1113 5682 1419 5748 Borgogna
1442 5682 1483 5733 il
1512 5691 1543 5746 7
1567 5682 1761 5749 luglio.
1833 5682 1918 5733 La
1943 5680 2080 5734 data
2187 5682 2425 5747 tifieare‚
2460 5683 2568 5735 che
2600 5684 2737 5736 Pisa
2771 5698 2869 5736 era
2892 5686 3104 5737 venuta
3139 5687 3201 5737 in
3225 5697 3484 5754 ponesso
3520 5688 3610 5739 del
3647 5690 3810 5744 Duea
3845 5689 3952 5758 (εἰ
3972 5716 3997 5733 .

258 5765 659 5817 dell'Anone‘mo
695 5778 813 5816 non
848 5766 926 5815 mi
966 5765 1185 5818 sembra
1206 5766 1416 5832 giusta.
1453 5766 1519 5818 In
1544 5766 1680 5818 fat-tt
1704 5781 1763 5818 se
1787 5767 1898 5818 tale
1923 5765 2080 5817 dedi·
2188 5769 2435 5831 gauri,
2472 5767 2722 5828 Massiva,
2757 5767 2974 5819 Latere
2998 5767 3204 5818 tharne
3238 5768 3313 5817 ed
3338 5775 3541 5821 aterne
3573 5771 3690 5835 cit„
3727 5787 3778 5824 c.
3820 5774 3928 5840 12).·

257 5849 439 5903 aione
474 5846 633 5916 segni
667 5849 717 5901 le
757 5850 1054 5903 trattative
1090 5851 1323 5903 iniziate
1359 5852 1432 5902 da
1459 5851 1714 5918 Gaspare
1741 5851 1814 5904 da
1838 5852 2081 5905 [uvaia-
2365 5845 2390 5882 ²
2426 5852 2521 5901 Ita
2555 5851 2916 5915 συνωμοσίαν..
2934 5885 2975 5903 ..
3013 5852 3297 5903 mulctam
3331 5851 3410 5917 (u.
3449 5853 3600 5922 ι-2ο)
3633 5854 3708 5910 cf.
3767 5858 4001 5914 curo.

262 5950 365 5999 no,
406 5935 548 5987 deve
584 5949 767 5988 essere
800 5939 1112 6002 posteriore
1144 5935 1199 5987 al
1226 5938 1295 5990 28
1322 5935 1497 6003 lagno
1526 5935 1622 6002 (cf.
1647 5952 1704 6004 p.
1730 5948 1819 6003 24,
1838 5938 1979 5989 nota
2004 5936 2079 6005 4).
2189 5946 2277 5999 ux,
2319 5933 2459 6000 1138
2477 5934 2623 5989 A·B.

142 6030 210 6069 2ο
262 6020 498 6073 D’altra
534 6022 695 6089 parte
727 6020 854 6073 solo
902 6019 945 6071 il
986 6033 1053 6073 ro
1084 6020 1261 6090 luglio
1298 6020 1344 6072 il
1379 6022 1464 6074 Re
1499 6021 1560 6074 di
1598 6023 1839 6076 Francia
1874 6021 2082 6075 scrisse
2365 6016 2390 6053 ³
2409 6023 2664 6074 Iram...
2684 6020 3070 6088 liberantaerffl.
3087 6023 3277 6096 21-29)
3289 6022 3364 6076 ct.
3379 6025 3675 6094 careum,
3699 6027 3996 6093 11383-0.

4117 773 4278 823 uua..
4307 772 4386 816 1⁸⁵

4113 999 4156 1034 C·
4181 996 4301 1038 3³²·

4120 2067 4250 2109 &55
4279 2062 4301 2100 8

4124 3026 4255 3068 cun
4284 3029 4313 3060 r

4128 4089 4307 4135 eset

4052 5959 4120 6019 2⁵
